3308 5310
245 331 267 394 2

244 517 408 586 Goelorum
431 520 534 584 omnis
557 519 705 603 spiritus,

244 641 361 688 novem
385 622 480 688 divisi
501 624 673 707 gradibus,

243 724 297 789 dei
318 733 501 809 praesentes
522 725 680 806 vultibuS,

244 829 455 893 meislavete
478 829 623 895 vocibus.

245 1006 351 1072 Senes
375 1010 490 1090 viginti
515 1015 669 1091 quatuor,

128 1098 141 1116 ”
243 1109 317 1176 haec
340 1111 466 1194 offerte,
490 1131 563 1193 qaae
586 1111 761 1194 deprecor,

243 1214 299 1296 qui
324 1213 457 1278 citharis
480 1221 513 1277 et
535 1214 653 1297 phialis

244 1317 408 1380 orationes
431 1315 571 1380 funditis.

241 1495 505 1563 Patriarcharum
528 1499 685 1583 dignitas,

241 1599 476 1681 prophetarum
499 1602 690 1678 sublimitas⁷

242 1701 345 1762 vestri
366 1702 456 1784 regis
479 1703 664 1785 praesentiae

243 1809 347 1871 verba
369 1811 533 1891 precantis
556 1811 682 1874 solvite.

241 1985 409 2052 dohannes
434 1989 554 2055 christi
576 1993 735 2074 praevius,

243 2091 387 2172 baptista
409 2093 498 2176 regis
521 2094 677 2177 inclytus,

240 2192 375 2276 festina,
398 2218 439 2261 ne
463 2198 660 2281 tardaveris,

241 2297 349 2362 lahem
372 2319 486 2365 secare
509 2303 662 2366 vulneris.

241 2473 342 2556 Quem
364 2483 475 2548 matris
499 2484 625 2550 clausus
647 2492 741 2551 utero

239 2590 329 2649 motu
351 2587 463 2669 prodis
487 2605 665 2672 corporeo,

240 2705 335 2770 quem
359 2688 586 2757 demonstrasti
609 2692 728 2776 digito,

238 2788 293 2854 lac
315 2792 488 2855 subvenire
511 2794 638 2857 misero.

117 3021 119 3026 .
241 2969 392 3035 Goelestis
414 2975 508 3055 regui
531 2974 694 3059 claviger,

241 3072 464 3156 apostolorum
488 3076 640 3158 signifer,

240 3174 356 3258 Petre,
379 3178 503 3259 primus
525 3181 558 3242 in
581 3177 711 3263 ordine,

237 3278 447 3361 fragilitatem
471 3283 590 3366 aspice.

238 3457 304 3524 Per
322 3468 355 3522 te
377 3479 467 3523 mens
490 3469 545 3526 tua
563 3460 691 3545 videat,

238 3561 315 3644 quid
339 3581 411 3626 sors
434 3563 573 3630 humana
595 3568 718 3649 valeat,

236 3672 270 3730 et
293 3665 368 3730 dum
390 3668 435 3730 tui
457 3672 654 3754 memineris,

237 3776 397 3832 memento
423 3770 519 3835 castis
542 3772 688 3837 hominis.
714 3815 718 3823 ·

237 3928 284 3993 'l'e
302 3940 458 4014 poscente
482 3934 685 4000 clementiam

235 4033 391 4098 extendat
412 4035 489 4100 mihi
512 4036 697 4120 dexteram,

236 4135 291 4218 qui
313 4142 346 4198 te
370 4136 538 4219 suspendit
559 4138 705 4221 flumine,

236 4238 311 4303 dum
334 4239 392 4302 tihi
414 4240 508 4305 dixit:
534 4239 715 4325 „modice“!

233 4399 337 4468 Solve
358 4406 470 4469 reatus
492 4407 621 4471 vincula

233 4509 275 4571 ah
301 4507 364 4572 hoc
385 4507 462 4572 data
484 4510 646 4593 potentid,

233 4627 328 4692 quern
351 4614 486 4677 verbum
510 4613 562 4678 dei
584 4617 744 4699 nominas,

234 4731 255 4775 a
277 4731 341 4794 qno
363 4716 493 4780 vocaris
516 4725 549 4782 et
571 4716 711 4803 Gephas.

922 515 1038 599 Paule,
1062 525 1096 583 tu
1119 517 1234 584 doctor
1256 518 1399 601 gentium

923 627 956 683 et
978 617 1099 683 Christi
1121 621 1353 701 testimonium,

922 723 976 804 qui
1000 723 1059 786 toti
1081 723 1199 786 mundo
1222 724 1398 808 praedicas,
1511 721 1515 728 ’

921 845 1016 910 opem
1039 827 1188 892 conferre
1210 827 1352 893 studeas.

920 1007 1104 1089 dohannes,
1123 1005 1176 1072 dei
1199 1009 1321 1090 gratia,

921 1111 1046 1174 subtilis
1070 1111 1160 1175 velut
1183 1111 1309 1193 aquila,

920 1213 993 1296 ipso
1015 1233 1065 1278 me
1088 1212 1177 1276 fonte
1200 1213 1297 1294 satia,

921 1316 1013 1400 cnjus
1036 1317 1157 1400 potasti
1178 1316 1316 1382 flumina.

921 1494 982 1572 oui
1004 1496 1062 1560 tihi
1085 1503 1217 1558 matrem
1242 1496 1346 1560 sociat

921 1606 954 1662 et
977 1599 1051 1663 coeli
1073 1599 1185 1664 clausa
1207 1607 1349 1680 reserat,

853 1733 864 1742 -
919 1721 1002 1766 meae
1024 1711 1139 1786 pareat
1158 1703 1310 1784 miseriae,

920 1807 966 1870 tni
988 1808 1141 1890 precatus
1164 1827 1305 1871 munere.

919 1986 1153 2071 Apostolorum
1177 1990 1294 2071 ceteri,

920 2092 1134 2174 evangelistae
1157 2093 1227 2174 alii,

920 2194 1149 2278 discipulorum
1172 2197 1317 2278 agmina,

920 2298 992 2362 haec
1007 2298 1122 2382 juvate
1145 2301 1340 2383 precamina.

918 2479 988 2545 Vos
1010 2482 1199 2546 innoeentes
1218 2482 1324 2566 pueri,

919 2587 974 2668 qui
995 2605 1057 2670 pro
1076 2585 1205 2651 Christo
1229 2587 1433 2669 truncamini,
1480 2589 1542 2652 llo
1637 2642 1638 2646 ,

919 2697 1030 2755 vestra
1053 2691 1128 2755 date
1152 2691 1311 2774 subsidia,

791 2803 794 2808 '
919 2793 974 2878 qui
998 2795 1157 2858 clamatis:
1183 2813 1263 2878 ,nos
1285 2791 1457 2860 vindica!“

896 2971 900 2978 ’
919 2975 946 3039 0
967 2982 1190 3058 protomartyr
1208 2973 1389 3060 Stephane,

844 3139 847 3146 ,
920 3087 954 3144 tu
976 3081 1098 3164 primus
1120 3081 1152 3143 in
1175 3081 1369 3164 certamine,

917 3185 1026 3251 haeres
1049 3186 1169 3250 sacrati
1190 3186 1342 3268 nominis,

918 3286 1033 3350 adesto
1057 3287 1236 3354 desideriis.

917 3464 1024 3550 Caput
1047 3467 1151 3531 nudas
1173 3469 1352 3551 lapidibus,

916 3569 992 3662 coeli
1014 3576 1106 3652 patet
1126 3570 1292 3651 introitus,

915 3671 1029 3737 desum
1051 3679 1190 3736 stantem
1213 3671 1418 3757 consideras,

916 3793 1050 3840 securus
1074 3776 1185 3841 hostes
1209 3774 1345 3859 toleras3
1384 3759 1389 3768 ’

916 3939 1023 4005 Orasti
1045 3941 1138 4005 flexis
1161 3941 1298 4022 genibus

914 4061 975 4126 pro
997 4043 1131 4108 inimicis
1155 4063 1307 4129 cernuus,

914 4164 976 4229 pro
999 4148 1201 4231 supplicante
1225 4150 1356 4215 servulo

914 4249 1096 4333 intercede,
1120 4259 1153 4314 te
1174 4252 1315 4334 postulo.

914 4411 964 4477 'lh
985 4419 1110 4496 martyr
1132 4413 1356 4498 invictissime,

817 4518 859 4581 90
915 4515 1060 4600 Albane,
1082 4518 1133 4581 vir
1151 4518 1329 4602 mitissime,

912 4625 986 4708 pius
1009 4623 1124 4689 adesto
1147 4625 1279 4690 servulo

913 4737 946 4794 te
969 4729 1159 4814 deprecanti
1181 4727 1305 4794 sedulo.

1483 1319 1544 1383 100

1481 1993 1542 2056 105
1637 1945 1638 1948 Ὺ

1479 3187 1541 3250 115

1478 3781 1539 3844 120
