3294 5322
428 751 536 828 1145.
576 753 634 824 Dc
662 777 689 824 S.
712 751 910 852 Rudperto.
945 753 1104 856 hymnus.
1196 749 1219 770 '¹

264 990 343 1074 toja,
366 991 500 1074 fratrer,
525 993 718 1058 extollamus
742 992 876 1058 odarum
899 993 1108 1057 concentibus

264 1095 447 1160 inminentis
472 1096 545 1160 sesti
567 1095 651 1159 diem
674 1097 734 1160 toti
755 1091 866 1181 κόσμῳ
890 1097 1066 1178 celebrem,

265 1215 329 1280 quo
352 1199 493 1264 concinit
515 1199 599 1262 inter
625 1198 743 1262 choros
766 1198 953 1284 liudpertus
972 1200 1152 1282 angelicos.

265 1387 326 1464 oui
349 1406 519 1471 praesagus
543 1388 674 1452 emetati
697 1389 838 1452 carnalis
860 1389 1012 1468 terminii,
1067 1433 1069 1443 ,

264 1498 374 1554 erecta
398 1511 457 1574 spe
481 1491 653 1556 celebratis
676 1491 844 1555 missarum
867 1492 1054 1570 sollemniisj

218 1601 221 1605 “
265 1594 513 1658 resurrectionis
536 1593 589 1658 die
613 1593 736 1658 solutus
759 1603 809 1658 est
832 1613 979 1679 corpore.
1074 1609 1079 1616 ’

264 1781 356 1848 Hunc
379 1790 508 1847 euntem
530 1783 653 1866 stipant
675 1764 790 1848 turmae
814 1783 956 1848 coelestis
976 1785 1112 1868 militiae,

265 1886 410 1969 spiritum
433 1903 517 1950 voce
542 1903 662 1950 canora
685 1886 828 1951 ferentes
846 1887 883 1951 ·in
906 1889 1046 1969 aethera,

265 1989 312 2052 sic
335 2007 426 2052 auum
450 1987 585 2070 contigit
607 1989 711 2071 phase
734 2007 830 2054 sacro
853 1993 986 2074 paschae
1008 1998 1163 2074 tempore.

264 2179 324 2256 Qui
346 2181 471 2246 locatus
492 2181 691 2264 patriarchae
712 2181 745 2244 in
769 2182 890 2246 sinibus
909 2179 1055 2247 Abrahae

264 2303 383 2347 aurern*
396 2285 516 2348 nostris
539 2286 709 2349 invocatus
732 2287 861 2367 praebet
883 2287 1133 2370 supplicatihuS,

263 2386 469 2451 intercedens
492 2406 554 2470 pro
578 2387 681 2450 salute
705 2387 853 2470 corporis
876 2394 909 2450 et
932 2388 1055 2452 animae.

264 2575 364 2658 Cujus
387 2579 506 2640 tumbae
529 2577 723 2659 provolutus
747 2575 856 2639 salvus
879 2576 964 2640 redit
984 2578 1193 2679 languidus,-

245 2680 370 2743 lumen
394 2679 571 2744 admiratur
594 2697 718 2761 caecus,
732 2679 849 2744 claudi
871 2681 1021 2762 gaudent
1039 2683 1219 2763 gressibus,

262 2782 374 2848 lauces
397 2783 553 2865 cluant,
577 2803 650 2864 quae
673 2785 816 2847 veternis
840 2784 1007 2849 haerebant
1029 2785 1175 2848 silentiis,
1372 2789 1410 2850 lb

263 2967 395 3053 Mactej-
409 2991 530 3036 summe
552 2973 775 3038 confessorum
797 2993 869 3038 cum
892 2973 1024 3038 Christo
1046 2975 1258 3055 regnantium,

264 3077 376 3158 gregis
399 3075 444 3139 tui
467 3083 581 3158 pastor
603 3076 675 3159 pius
698 3075 812 3140 adesto
835 3077 1022 3160 precatibus

263 3187 296 3243 et
318 3179 484 3243 criminum
507 3188 714 3249 veternorum
736 3182 866 3245 resolve
891 3180 1150 3263 chirographum.

147 3357 150 3362 ’
266 3363 317 3430 Sit
338 3368 424 3450 patri
445 3367 747 3450 virtus‚'·potestas,
770 3385 892 3453 perpes
916 3369 1169 3451 sempiternum,

264 3471 336 3556 ejus
360 3480 536 3554 concrepet
559 3480 592 3535 et
613 3483 690 3546 nato
713 3473 832 3554 honor,
851 3474 1020 3557 jubilatio,
1369 3473 1410 3535 20

226 3633 229 3640 .
264 3579 427 3661 pneumati
450 3576 491 3640 sit
513 3577 584 3640 laus
607 3577 758 3660 perennis
781 3578 973 3642 saeculorum
996 3576 1132 3640 saeculis.

196 3781 243 3837 lls.
263 3797 297 3834 nu
316 3779 439 3836 Admout
464 3779 517 3834 No.
538 3781 579 3834 18.
599 3782 632 3833 12
652 3781 766 3852 Jahrb,
790 3780 899 3834 welche
918 3795 971 3834 nur
988 3778 1022 3832 V.
1042 3779 1158 3831 16-21
1179 3777 1299 3845 enthhlt,
1318 3778 1412 3830 wahr-

53 3857 55 3860 ’
108 3868 265 3923 scheinlich
283 3884 344 3924 zum
363 3867 510 3922 Gebrauoh
529 3867 572 3922 als
591 3867 751 3936 Antiphone
770 3869 833 3936 (A).
870 3867 917 3921 lls.
936 3883 970 3919 zu
988 3865 1016 3921 S.
1035 3865 1120 3930 Peter
1138 3864 1167 3917 in
1185 3862 1327 3934 salzburg
1346 3864 1410 3931 v,2

110 3955 160 4008 des
180 3957 214 4007 12
232 3953 330 4008 Jahrb.
352 3943 425 4028 (E).'
451 3953 518 4007 llrei
536 3953 641 4008 andere
659 3953 722 4007 llss.
743 3953 870 4007 daselbst
888 3953 938 4006 (les
956 3955 989 4005 15
1007 3951 1106 4006 Jahrb.
1124 3941 1170 4018 1v3
1189 3953 1214 4003 1.
1234 3950 1270 4006 ad
1288 3965 1365 4020 vesp.
1383 3956 1412 4004 et

110 4039 148 4094 ad
168 4039 266 4094 laudes
285 4041 349 4108 (B),
369 4040 400 4108 ll,
418 4031 453 4096 26
472 4040 537 4109 (Ο),
556 4039 589 4108 V,
608 4041 626 4094 8
645 4041 709 4110 (ll).
747 4041 794 4095 lls.
813 4057 848 4094 zu
866 4039 951 4095 Grata
969 4040 1049 4110 40193
1067 4037 1117 4092 uae
1136 4040 1170 4091 lh
1185 4038 1287 4096 Jahrh.
1306 4047 1322 4112 (
1343 4044 1367 4109 ).

197 4163 215 4213 2
230 4163 292 4215 toto
306 4161 383 4229 FBE,
403 4161 517 4217 coaluit
531 4163 560 4230 ll,¹
572 4145 607 4216 ⁸in
622 4163 690 4219 Bon
706 4164 781 4218 steht
795 4163 955 4219 undeutlich
964 4161 1094 4218 concluit
1130 4161 1147 4214 3
1162 4157 1238 4216 intra
1251 4159 1281 4229 ll,
1300 4159 1369 4216 Rob.
1380 4159 1411 4213 ll.

107 4247 257 4304 atermini
273 4247 351 4303 FDE.
388 4251 420 4302 11
442 4249 533 4304 nostri
551 4249 582 4304 B.
620 4251 654 4303 13
672 4251 758 4322 hujus
776 4249 877 4307 Boou.

202 4422 253 4477 llic
272 4421 319 4478 lle.
337 4435 372 4476 ιιι
387 4419 524 4476 ΜίἰιιιΙιιιι
548 4420 617 4475 Glm.
636 4421 713 4476 ssot.
730 4419 749 4474 f.
767 4425 785 4475 2
809 4421 858 4475 des
877 4425 911 4476 13
929 4423 1027 4480 Jahrb.
1046 4420 1157 4480 enthilt
1175 4419 1239 4477 eine
1257 4415 1412 4488 sequeno

108 4526 145 4566 sn
164 4509 282 4582 Ruperti
300 4517 329 4566 et
345 4508 468 4581 Virgilii,
488 4508 535 4565 ue
551 4508 706 4565 aberrent
724 4509 884 4564 verdorben
902 4509 939 4564 ist
957 4509 1013 4580 und
1030 4525 1063 4566 so
1082 4504 1217 4580 anfangt:

250 4634 384 4691 Gloriosa
403 4633 495 4707 fulget
511 4635 586 4704 (lies,
605 4634 714 4690 exaltat
732 4637 866 4706 ecclesia,
956 4621 960 4628 ’

250 4722 360 4795 angelis
377 4721 621 4796 bominumque)
639 4735 695 4794 pax
710 4722 782 4793 (sit)
800 4728 829 4778 et
847 4721 961 4792 laetitia,
