3326 5322
153 533 230 604 Ave
253 537 349 602 tellus
373 539 515 619 inarata,
611 541 614 546 ’
664 595 666 600 .
737 541 779 606 fh
833 540 907 608 Ave
931 545 1022 628 quies
1045 545 1153 613 cordis
1174 553 1295 634 measti,

153 637 236 704 flore
258 639 373 723 pulmo
395 648 588 724 purpurata,
832 648 955 730 gaude,
979 651 1051 732 regi
1074 671 1147 734 quae
1169 653 1294 720 ooelesti

152 743 308 828 paradiso
332 753 533 829 comparata,
624 823 628 830 ⁴
832 751 1012 834 adhaesisti,
1036 773 1108 820 eum
1129 756 1248 822 funesti

151 845 247 929 eujus
269 846 349 909 mire
372 853 512 911 vernant
533 853 638 932 prata.
831 855 921 936 regis
944 855 1025 919 scita
1047 874 1112 942 non
1138 858 1314 943 complesti.
1361 909 1366 918 .

150 1031 229 1099 Ave
252 1053 330 1118 spes
351 1033 553 1117 desiderata,
831 1035 908 1100 Ave
930 1036 1030 1101 deeus
1053 1035 1258 1122 firmamenti,
1316 1017 1319 1026 ⁵
1413 1043 1455 1108 85

154 1158 257 1223 penes
281 1157 392 1203 omnes
415 1139 590 1222 honorata,
736 1139 778 1201 50
831 1141 944 1222 praebe
966 1141 1052 1223 piam
1074 1149 1107 1206 te
1129 1145 1256 1226 petenti

153 1261 213 1325 per
235 1249 268 1304 te
291 1240 350 1306 fiat-
374 1248 528 1324 reparata
624 1313 627 1319 ,
745 1315 749 1324 ,
831 1249 865 1306 et
887 1243 1018 1308 medere
1041 1265 1122 1310 meae
1144 1251 1243 1313 menti

152 1346 222 1410 vita
243 1365 316 1410 mea
339 1345 528 1430 depravata.
724 1388 728 1396 -
830 1345 1031 1429 inpeccatis
1054 1347 1233 1414 dormienti.

153 1521 230 1589 Ave
252 1523 381 1588 domina
404 1524 543 1606 deeora,
581 1571 584 1578 -
801 1591 803 1596 ,
831 1525 907 1590 Ave
929 1525 1022 1591 fortis
1045 1528 1211 1610 agonista,

153 1628 238 1692 assis
259 1628 335 1691 mihi
358 1629 469 1691 mortis
488 1625 589 1710 hora,
820 1640 887 1694 tua
907 1649 1006 1714 praee
1030 1629 1094 1693 deo
1115 1630 1213 1710 insta,
1415 1633 1456 1696 00

152 1750 194 1796 ne
215 1751 266 1794 me
291 1730 333 1795 ad
355 1732 520 1795 exteriora
736 1732 776 1793 55
830 1740 866 1797 ut
888 1741 1052 1797 transacta
1074 1734 1142 1798 vita
1163 1734 1226 1797 ista

151 1835 280 1900 daemou
304 1835 427 1915 trahat,
451 1835 594 1898 elabora.
830 1856 882 1900 me
904 1837 937 1900 in
960 1847 1054 1919 parte
1076 1836 1163 1902 louet
1185 1837 1257 1901 ista.

150 2017 228 2084 Ave
251 2019 370 2083 clarior
393 2017 526 2102 aurora,
829 2014 906 2081 Ave
929 2016 1045 2081 nobilis
1067 2017 1194 2100 puella,

152 2130 185 2187 te
208 2120 393 2186 laudantem
415 2142 467 2185 me
490 2122 616 2187 honora
830 2141 945 2204 regem
967 2122 1041 2186 ooeli
1063 2122 1252 2205 interpella,

151 2232 203 2308 et,
226 2233 261 2289 ut
284 2225 395 2308 ducat,
420 2225 581 2291 Christum
604 2233 689 2306 ora,'
831 2244 890 2288 sua
913 2225 1006 2290 sedet
1029 2225 1115 2308 quod
1138 2226 1271 2308 flagella
1413 2229 1474 2292 95·

150 2349 203 2398 me
227 2329 269 2394 ad
291 2331 365 2394 looa
380 2331 551 2413 potiora·
658 2417 660 2420 Ι
736 2331 777 2392 00
831 2337 864 2408 et
887 2337 1075 2414 compescat
1097 2338 1209 2394 nostra
1232 2330 1327 2394 bella.
1435 2357 1438 2364 ·

151 2509 228 2578 Ave
249 2511 346 2593 virgo
369 2509 435 2574 fide
457 2510 571 2594 plena,
643 2535 648 2542 ·
830 2511 906 2578 Ave
928 2511 1023 2601 virgo
1045 2510 1159 2592 pulo'ra
1181 2517 1266 2590 tota,

149 2632 273 2699 sponsa
296 2612 430 2695 Christi,
454 2632 531 2696 spes
555 2632 685 2696 serena,
718 2661 720 2666 ,
831 2626 950 2699 expers
975 2616 1076 2678 omnis
1099 2615 1182 2678 labis
1205 2613 1298 2695 nota,

152 2718 269 2800 frange
292 2717 371 2780 lethi
394 2735 533 2799 nequam
555 2717 665 2800 frena,
832 2717 1016 2782 famulantis
1039 2716 1096 2780 tibi
1119 2722 1198 2779 vota

150 2841 194 2886 ne
217 2822 268 2884 me
290 2828 389 2884 vexet
411 2822 638 2904 ultrixpoena.
832 2839 920 2883 sume
943 2836 1042 2901 praee
1066 2835 1138 2882 oum
1156 2812 1285 2890 deuota.
1392 2818 1454 2882 100

150 2999 227 3067 Ave
249 3003 345 3086 virgo
368 3003 574 3084 verecunda,
737 3006 777 3068 65
828 3001 905 3070 Ave
929 3005 1053 3085 regalis
1075 3003 1158 3084 filia,

151 3106 217 3171 deo
239 3105 374 3190 placens
395 3115 503 3171 mente
526 3107 659 3190 munda,
833 3128 906 3192 quae
929 3109 1036 3190 fulges
1059 3127 1159 3190 super
1181 3107 1263 3187 lilia,

152 3232 204 3275 me
227 3213 363 3276 absolve
382 3212 424 3275 de
447 3212 611 3296 profunda
759 3297 763 3304 ἱ
832 3220 907 3296 post
929 3213 1006 3275 vitae
1029 3211 1092 3275 duo
1114 3211 1212 3276 exilia

152 3316 328 3399 procellosi
350 3316 449 3380 maris
470 3315 565 3380 unda.
668 3377 672 3384 ,
832 3315 875 3380 ad
898 3315 972 3380 ooeli
992 3334 1044 3378 me
1066 3313 1232 3378 sedilia·
1340 3361 1344 3370 .

139 3477 229 3546 *Ave
251 3481 363 3555 lumen¹
382 3489 416 3546 et
437 3481 572 3547 luoerna
667 3495 668 3500 ’
833 3479 908 3545 Ave
931 3489 1033 3546 mater
1056 3481 1211 3564 egregia,
1436 3483 1454 3544 5

153 3587 307 3671 praehens
325 3585 389 3648 iter
408 3584 451 3649 ad
473 3579 632 3668 superna,
738 3586 779 3648 70
833 3605 906 3668 quae
928 3585 997 3668 poli
1019 3585 1126 3666 fulges
1143 3582 1255 3666 regia,
1473 3574 1475 3578 ’

152 3689 238 3752 mam
260 3708 365 3753 meam
388 3689 436 3767 siu
458 3689 624 3772 guberna,
726 3678 729 3684 ’
833 3709 883 3753 me
906 3697 961 3753 tua
982 3709 1043 3773 per
1066 3688 1221 3769 suffragiu
1286 3725 1289 3728 -

152 3808 194 3853 ne
217 3788 413 3855 descendam
436 3790 478 3854 ad
500 3791 636 3856 inferna.
833 3793 876 3858 ad
899 3800 1011 3858 saneta
1031 3790 1083 3858 fer
1107 3791 1255 3874 oollegia.
1375 3811 1379 3818 ·

151 3949 228 4016 Ave
249 3953 342 4018 saeoli
364 3953 491 4037 lampas
512 3974 613 4038 pura,
832 3953 909 4038 Ave
933 3956 1035 4021 duleis
1058 3964 1170 4020 nostra
1191 3964 1315 4038 mater,

151 4063 362 4120 venerantem
384 4063 418 4118 te
440 4074 582 4141 procura
834 4069 947 4126 saneta
969 4069 1032 4142 ter,
1055 4063 1153 4126 beata
1176 4069 1304 4144 quater,
1415 4063 1455 4125 10

153 4155 262 4221 dando
284 4156 361 4219 mihi
381 4159 567 4244 profutura,
738 4167 779 4227 75
834 4167 927 4251 eujus
949 4182 1088 4249 sponsus
1112 4166 1193 4230 deus
1215 4176 1325 4250 pater,

153 4259 333 4324 amovendo
356 4261 513 4326 nocitura.
834 4271 891 4353 da,
913 4278 949 4335 nt
970 4279 1044 4336 ruat
1067 4270 1192 4334 daemon
1216 4279 1296 4335 ater.

152 4415 229 4485 Ave
252 4427 377 4504 martyr
400 4431 512 4489 saneta
536 4425 604 4508 dei,
831 4433 908 4502 Ave
931 4453 1052 4520 sponsa
1074 4433 1262 4517 Sunamitis‚

152 4524 309 4588 miserere
331 4531 549 4612 procorum,
831 4540 957 4622 palmes
979 4539 1089 4602 virens
1111 4520 1201 4602 uerae
1223 4534 1315 4620 vitis,

128 4625 294 4691 anchora
317 4628 362 4692 sis
387 4649 469 4695 meae
492 4634 577 4717 spei,
832 4661 893 4724 per
915 4647 948 4704 te
972 4641 1066 4704 detur
1088 4661 1154 4724 pax
1177 4641 1338 4723 contritis,
1414 4641 1455 4702 15

153 4749 225 4799 oum
248 4731 400 4798 subibunt
422 4738 630 4820 portum-rei.
736 4741 779 4806 80
829 4743 1008 4810 suffocetur
1030 4744 1158 4810 flamma
1179 4744 1252 4809 litis
1311 4728 1317 4737 ’
