<?xml version="1.0" encoding="UTF-8"?>
<!DOCTYPE html PUBLIC "-//W3C//DTD XHTML 1.0 Transitional//EN"
    "http://www.w3.org/TR/xhtml1/DTD/xhtml1-transitional.dtd">
<html xmlns="http://www.w3.org/1999/xhtml" xml:lang="en" lang="en">
 <head>
  <title>
</title>
<meta http-equiv="Content-Type" content="text/html;charset=utf-8" />
  <meta name='ocr-system' content='tesseract 3.04.00' />
  <meta name='ocr-capabilities' content='ocr_page ocr_carea ocr_par ocr_line ocrx_word'/>
</head>
<body>
  <div class='ocr_page' id='page_1' title='image "./lateinischehymn02monegoog/lateinischehymn02monegoog_0126.png"; bbox 0 0 3332 5318; ppageno 0'>
   <div class='ocr_carea' id='block_1_1' title="bbox 250 321 315 386">
    <p class='ocr_par' dir='ltr' id='par_1_1' title="bbox 250 321 315 386">
     <span class='ocr_line' id='line_1_1' title="bbox 250 321 315 386; baseline 0.015 -1"><span class='ocrx_word' id='word_1_1' title='bbox 250 321 315 386; x_wconf 90' lang='grc'>110</span> 
     </span>
    </p>
   </div>
   <div class='ocr_carea' id='block_1_2' title="bbox 245 489 1550 755">
    <p class='ocr_par' dir='ltr' id='par_1_2' title="bbox 245 489 1550 755">
     <span class='ocr_line' id='line_1_2' title="bbox 335 489 1550 576; baseline -0.002 -19"><span class='ocrx_word' id='word_1_2' title='bbox 335 504 364 558; x_wconf 86' lang='lat' dir='ltr'>V.</span> <span class='ocrx_word' id='word_1_3' title='bbox 383 507 398 557; x_wconf 96' lang='lat'>1</span> <span class='ocrx_word' id='word_1_4' title='bbox 418 500 466 574; x_wconf 81' lang='lat' dir='ltr'>fig.</span> <span class='ocrx_word' id='word_1_5' title='bbox 496 498 652 573; x_wconf 77' lang='grc' dir='ltr'><em>ἦέιιιιλιγσλα</em></span> <span class='ocrx_word' id='word_1_6' title='bbox 669 498 779 573; x_wconf 78' lang='grc' dir='ltr'><strong><em>χορεύει</em></strong></span> <span class='ocrx_word' id='word_1_7' title='bbox 797 499 965 576; x_wconf 80' lang='grc' dir='ltr'><em>ἑορτάζουσα</em></span> <span class='ocrx_word' id='word_1_8' title='bbox 984 499 1031 572; x_wconf 71' lang='grc' dir='ltr'>τὴν</span> <span class='ocrx_word' id='word_1_9' title='bbox 1049 506 1187 574; x_wconf 80' lang='grc' dir='ltr'><em>παναγιάν</em></span> <span class='ocrx_word' id='word_1_10' title='bbox 1207 519 1259 556; x_wconf 84' lang='grc' dir='ltr'>σου</span> <span class='ocrx_word' id='word_1_11' title='bbox 1277 497 1396 572; x_wconf 72' lang='grc' dir='ltr'><em>μνήμην,</em></span> <span class='ocrx_word' id='word_1_12' title='bbox 1421 502 1449 555; x_wconf 81' lang='grc' dir='ltr'>ἐν</span> <span class='ocrx_word' id='word_1_13' title='bbox 1468 489 1485 573; x_wconf 72' lang='grc' dir='ltr'><strong><em>ᾗ</em></strong></span> <span class='ocrx_word' id='word_1_14' title='bbox 1505 497 1550 556; x_wconf 76' lang='lat' dir='ltr'>aei-</span> 
     </span>
     <span class='ocr_line' id='line_1_3' title="bbox 245 584 1550 664; baseline -0.004 -17"><span class='ocrx_word' id='word_1_15' title='bbox 245 591 386 664; x_wconf 80' lang='grc' dir='ltr'><em>φγμοῦμεν</em></span> <span class='ocrx_word' id='word_1_16' title='bbox 404 611 442 646; x_wconf 86' lang='grc' dir='ltr'>σε.</span> <span class='ocrx_word' id='word_1_17' title='bbox 466 591 535 662; x_wconf 79' lang='lat' dir='ltr'>Apr.</span> <span class='ocrx_word' id='word_1_18' title='bbox 556 591 599 644; x_wconf 83' lang='lat'>30.</span> <span class='ocrx_word' id='word_1_19' title='bbox 637 589 665 644; x_wconf 81' lang='grc' dir='ltr'>ἐν</span> <span class='ocrx_word' id='word_1_20' title='bbox 682 587 715 661; x_wconf 78' lang='grc' dir='ltr'>τῇ</span> <span class='ocrx_word' id='word_1_21' title='bbox 732 586 823 660; x_wconf 80' lang='grc' dir='ltr'>μνήμῃ</span> <span class='ocrx_word' id='word_1_22' title='bbox 841 586 895 644; x_wconf 79' lang='grc' dir='ltr'>τῶν</span> <span class='ocrx_word' id='word_1_23' title='bbox 913 586 998 660; x_wconf 84' lang='grc' dir='ltr'><em>ολγλων</em></span> <span class='ocrx_word' id='word_1_24' title='bbox 1024 608 1075 645; x_wconf 86' lang='grc' dir='ltr'>σου</span> <span class='ocrx_word' id='word_1_25' title='bbox 1098 586 1176 643; x_wconf 83' lang='grc' dir='ltr'><em>πᾶσα</em></span> <span class='ocrx_word' id='word_1_26' title='bbox 1201 587 1322 658; x_wconf 82' lang='grc' dir='ltr'><em>ἡκτλοις</em></span> <span class='ocrx_word' id='word_1_27' title='bbox 1340 587 1474 662; x_wconf 80' lang='grc' dir='ltr'><em>ἑορτάζει,</em></span> <span class='ocrx_word' id='word_1_28' title='bbox 1502 584 1550 642; x_wconf 82' lang='grc' dir='ltr'><em>οιλ-</em></span> 
     </span>
     <span class='ocr_line' id='line_1_4' title="bbox 246 671 1549 755; baseline -0.005 -21"><span class='ocrx_word' id='word_1_29' title='bbox 246 683 323 755; x_wconf 86' lang='grc' dir='ltr'><em>ρανολ</em></span> <span class='ocrx_word' id='word_1_30' title='bbox 347 676 509 754; x_wconf 79' lang='grc' dir='ltr'><em>ἀγάλλονται</em></span> <span class='ocrx_word' id='word_1_31' title='bbox 533 675 584 732; x_wconf 84' lang='grc' dir='ltr'>σὺν</span> <span class='ocrx_word' id='word_1_32' title='bbox 610 684 667 739; x_wconf 84' lang='grc' dir='ltr'><em>τοῖς</em></span> <span class='ocrx_word' id='word_1_33' title='bbox 695 674 835 748; x_wconf 75' lang='grc' dir='ltr'><em>ἀγγέλοις,</em></span> <span class='ocrx_word' id='word_1_34' title='bbox 867 680 912 730; x_wconf 81' lang='grc' dir='ltr'>καὶ</span> <span class='ocrx_word' id='word_1_35' title='bbox 936 675 953 746; x_wconf 74' lang='grc' dir='ltr'><em>ἦ</em></span> <span class='ocrx_word' id='word_1_36' title='bbox 979 671 1015 752; x_wconf 80' lang='grc' dir='ltr'>γῆ</span> <span class='ocrx_word' id='word_1_37' title='bbox 1039 672 1212 751; x_wconf 79' lang='grc' dir='ltr'><em>εὐφραίνεται</em></span> <span class='ocrx_word' id='word_1_38' title='bbox 1231 675 1281 732; x_wconf 83' lang='grc' dir='ltr'>σὺν</span> <span class='ocrx_word' id='word_1_39' title='bbox 1299 683 1358 736; x_wconf 80' lang='grc' dir='ltr'><em>τοῖς</em></span> <span class='ocrx_word' id='word_1_40' title='bbox 1377 671 1549 748; x_wconf 60' lang='lat' dir='ltr'>deducimur.</span> 
     </span>
    </p>
   </div>
   <div class='ocr_carea' id='block_1_3' title="bbox 246 766 1662 920">
    <p class='ocr_par' dir='ltr' id='par_1_3' title="bbox 246 766 1662 920">
     <span class='ocr_line' id='line_1_5' title="bbox 246 766 1662 920; baseline 0.016 -40"><span class='ocrx_word' id='word_1_41' title='bbox 246 767 368 906; x_wconf 35' lang='lat' dir='ltr'><em>Tuom&amp;</em></span> <span class='ocrx_word' id='word_1_42' title='bbox 385 766 427 907; x_wconf 47' lang='grc' dir='ltr'>ἐξ),</span> <span class='ocrx_word' id='word_1_43' title='bbox 440 768 506 906; x_wconf 66' lang='lat' dir='ltr'>2itia</span> <span class='ocrx_word' id='word_1_44' title='bbox 526 851 661 907; x_wconf 88' lang='lat' dir='ltr'>Griechen</span> <span class='ocrx_word' id='word_1_45' title='bbox 680 850 833 904; x_wconf 90' lang='lat' dir='ltr'>verbinden</span> <span class='ocrx_word' id='word_1_46' title='bbox 852 850 905 906; x_wconf 89' lang='lat' dir='ltr'>den</span> <span class='ocrx_word' id='word_1_47' title='bbox 924 849 949 903; x_wconf 89' lang='lat' dir='ltr'>h.</span> <span class='ocrx_word' id='word_1_48' title='bbox 969 849 1123 918; x_wconf 77' lang='lat' dir='ltr'>Christoph</span> <span class='ocrx_word' id='word_1_49' title='bbox 1141 849 1219 904; x_wconf 86' lang='lat' dir='ltr'>nicht</span> <span class='ocrx_word' id='word_1_50' title='bbox 1237 849 1286 903; x_wconf 84' lang='lat' dir='ltr'>mit</span> <span class='ocrx_word' id='word_1_51' title='bbox 1305 849 1409 904; x_wconf 79' lang='lat' dir='ltr'>diesem</span> <span class='ocrx_word' id='word_1_52' title='bbox 1423 851 1551 920; x_wconf 82' lang='lat' dir='ltr'>Apoetel,</span> <span class='ocrx_word' id='word_1_53' title='bbox 1661 853 1662 902; x_wconf 56' lang='lat' dir='ltr'>t</span> 
     </span>
    </p>
   </div>
   <div class='ocr_carea' id='block_1_4' title="bbox 245 937 1553 1184">
    <p class='ocr_par' dir='ltr' id='par_1_4' title="bbox 245 937 1553 1184">
     <span class='ocr_line' id='line_1_6' title="bbox 245 937 1552 1010; baseline -0.004 -13"><span class='ocrx_word' id='word_1_54' title='bbox 245 943 301 997; x_wconf 87' lang='lat' dir='ltr'>wie</span> <span class='ocrx_word' id='word_1_55' title='bbox 320 959 351 996; x_wconf 90' lang='lat' dir='ltr'>es</span> <span class='ocrx_word' id='word_1_56' title='bbox 369 941 430 995; x_wconf 90' lang='lat' dir='ltr'>hier</span> <span class='ocrx_word' id='word_1_57' title='bbox 451 939 598 1010; x_wconf 82' lang='lat' dir='ltr'>geschieht</span> <span class='ocrx_word' id='word_1_58' title='bbox 624 938 711 1007; x_wconf 87' lang='lat' dir='ltr'>(deon</span> <span class='ocrx_word' id='word_1_59' title='bbox 731 937 774 992; x_wconf 85' lang='lat' dir='ltr'>die</span> <span class='ocrx_word' id='word_1_60' title='bbox 794 937 1036 1004; x_wconf 64' lang='lat' dir='ltr'>sculteticum,</span> <span class='ocrx_word' id='word_1_61' title='bbox 1058 939 1097 992; x_wconf 85' lang='grc'>19.</span> <span class='ocrx_word' id='word_1_62' title='bbox 1123 937 1226 1008; x_wconf 83' lang='lat' dir='ltr'>gehitrt</span> <span class='ocrx_word' id='word_1_63' title='bbox 1244 937 1322 992; x_wconf 84' lang='lat' dir='ltr'>nicht</span> <span class='ocrx_word' id='word_1_64' title='bbox 1340 937 1456 1006; x_wconf 85' lang='lat' dir='ltr'>daher),</span> <span class='ocrx_word' id='word_1_65' title='bbox 1482 939 1552 993; x_wconf 85' lang='lat' dir='ltr'>weil</span> 
     </span>
     <span class='ocr_line' id='line_1_7' title="bbox 246 1021 1553 1098; baseline -0.003 -14"><span class='ocrx_word' id='word_1_66' title='bbox 246 1030 287 1084; x_wconf 84' lang='lat' dir='ltr'>sie</span> <span class='ocrx_word' id='word_1_67' title='bbox 306 1029 387 1084; x_wconf 87' lang='lat' dir='ltr'>beide</span> <span class='ocrx_word' id='word_1_68' title='bbox 406 1027 518 1098; x_wconf 84' lang='lat' dir='ltr'>lleilige</span> <span class='ocrx_word' id='word_1_69' title='bbox 537 1028 605 1081; x_wconf 83' lang='lat' dir='ltr'>aicit</span> <span class='ocrx_word' id='word_1_70' title='bbox 621 1023 676 1080; x_wconf 83' lang='lat' dir='ltr'>auf</span> <span class='ocrx_word' id='word_1_71' title='bbox 690 1029 766 1080; x_wconf 80' lang='lat' dir='ltr'>einen</span> <span class='ocrx_word' id='word_1_72' title='bbox 784 1025 845 1096; x_wconf 80' lang='lat' dir='ltr'>&#39;lag</span> <span class='ocrx_word' id='word_1_73' title='bbox 864 1021 954 1078; x_wconf 82' lang='lat' dir='ltr'>feiern</span> <span class='ocrx_word' id='word_1_74' title='bbox 973 1027 1021 1094; x_wconf 84' lang='grc'>(25</span> <span class='ocrx_word' id='word_1_75' title='bbox 1036 1024 1131 1098; x_wconf 71' lang='grc' dir='ltr'>λαλί)δ</span> <span class='ocrx_word' id='word_1_76' title='bbox 1154 1024 1217 1079; x_wconf 85' lang='lat' dir='ltr'>also</span> <span class='ocrx_word' id='word_1_77' title='bbox 1236 1023 1318 1079; x_wconf 86' lang='lat' dir='ltr'>keioe</span> <span class='ocrx_word' id='word_1_78' title='bbox 1338 1025 1553 1098; x_wconf 79' lang='lat' dir='ltr'>Veranlassung</span> 
     </span>
     <span class='ocr_line' id='line_1_8' title="bbox 245 1110 1551 1184; baseline -0.005 -12"><span class='ocrx_word' id='word_1_79' title='bbox 245 1118 352 1183; x_wconf 86' lang='lat' dir='ltr'>hatten,</span> <span class='ocrx_word' id='word_1_80' title='bbox 369 1115 410 1170; x_wconf 86' lang='lat' dir='ltr'>sie</span> <span class='ocrx_word' id='word_1_81' title='bbox 429 1115 458 1168; x_wconf 90' lang='lat' dir='ltr'>in</span> <span class='ocrx_word' id='word_1_82' title='bbox 477 1116 530 1169; x_wconf 89' lang='lat' dir='ltr'>den</span> <span class='ocrx_word' id='word_1_83' title='bbox 543 1112 661 1168; x_wconf 90' lang='lat' dir='ltr'>Liedern</span> <span class='ocrx_word' id='word_1_84' title='bbox 681 1131 715 1168; x_wconf 87' lang='lat' dir='ltr'>zu</span> <span class='ocrx_word' id='word_1_85' title='bbox 729 1112 900 1184; x_wconf 83' lang='lat' dir='ltr'>vereinigeo.</span> <span class='ocrx_word' id='word_1_86' title='bbox 935 1112 992 1167; x_wconf 87' lang='lat' dir='ltr'>Der</span> <span class='ocrx_word' id='word_1_87' title='bbox 1012 1111 1038 1166; x_wconf 89' lang='lat' dir='ltr'>h.</span> <span class='ocrx_word' id='word_1_88' title='bbox 1053 1111 1206 1181; x_wconf 77' lang='lat' dir='ltr'><strong>christoph</strong></span> <span class='ocrx_word' id='word_1_89' title='bbox 1226 1112 1302 1167; x_wconf 87' lang='lat' dir='ltr'>steht</span> <span class='ocrx_word' id='word_1_90' title='bbox 1320 1110 1397 1166; x_wconf 85' lang='lat' dir='ltr'>nicht</span> <span class='ocrx_word' id='word_1_91' title='bbox 1415 1112 1444 1166; x_wconf 92' lang='lat' dir='ltr'>in</span> <span class='ocrx_word' id='word_1_92' title='bbox 1462 1113 1551 1166; x_wconf 88' lang='lat' dir='ltr'>ihrern</span> 
     </span>
    </p>
   </div>
   <div class='ocr_carea' id='block_1_5' title="bbox 245 1207 438 1277">
    <p class='ocr_par' dir='ltr' id='par_1_5' title="bbox 245 1207 438 1277">
     <span class='ocr_line' id='line_1_9' title="bbox 245 1207 438 1277; baseline -0.021 -15"><span class='ocrx_word' id='word_1_93' title='bbox 245 1207 438 1277; x_wconf 83' lang='lat' dir='ltr'>Horologium.</span> 
     </span>
    </p>
   </div>
   <div class='ocr_carea' id='block_1_6' title="bbox 757 1381 1035 1449">
    <p class='ocr_par' dir='ltr' id='par_1_6' title="bbox 757 1381 1035 1449">
     <span class='ocr_line' id='line_1_10' title="bbox 757 1381 1035 1449; baseline -0.007 -1"><span class='ocrx_word' id='word_1_94' title='bbox 757 1381 812 1448; x_wconf 89' lang='lat' dir='ltr'>An</span> <span class='ocrx_word' id='word_1_95' title='bbox 836 1385 899 1448; x_wconf 86' lang='lat' dir='ltr'>sint</span> <span class='ocrx_word' id='word_1_96' title='bbox 920 1383 1035 1449; x_wconf 86' lang='lat' dir='ltr'>Jacob.</span> 
     </span>
    </p>
   </div>
   <div class='ocr_carea' id='block_1_7' title="bbox 245 1532 1526 1955">
    <p class='ocr_par' dir='ltr' id='par_1_7' title="bbox 245 1532 1526 1693">
     <span class='ocr_line' id='line_1_11' title="bbox 245 1532 1526 1610; baseline -0.003 -18"><span class='ocrx_word' id='word_1_97' title='bbox 245 1537 273 1592; x_wconf 89' lang='lat' dir='ltr'>lc</span> <span class='ocrx_word' id='word_1_98' title='bbox 293 1542 409 1610; x_wconf 81' lang='lat' dir='ltr'>groetu,</span> <span class='ocrx_word' id='word_1_99' title='bbox 427 1538 533 1605; x_wconf 82' lang='lat' dir='ltr'>Jacob,</span> <span class='ocrx_word' id='word_1_100' title='bbox 552 1537 646 1590; x_wconf 86' lang='lat' dir='ltr'>helich</span> <span class='ocrx_word' id='word_1_101' title='bbox 665 1542 742 1604; x_wconf 86' lang='lat' dir='ltr'>sant,</span> <span class='ocrx_word' id='word_1_102' title='bbox 924 1535 976 1590; x_wconf 87' lang='lat' dir='ltr'>ln&#39;t</span> <span class='ocrx_word' id='word_1_103' title='bbox 993 1533 1195 1588; x_wconf 81' lang='lat' dir='ltr'>wederkeer&#39;en</span> <span class='ocrx_word' id='word_1_104' title='bbox 1215 1538 1242 1588; x_wconf 91' lang='lat' dir='ltr'>te</span> <span class='ocrx_word' id='word_1_105' title='bbox 1261 1532 1413 1603; x_wconf 81' lang='lat' dir='ltr'>Spaengen</span> <span class='ocrx_word' id='word_1_106' title='bbox 1431 1539 1526 1588; x_wconf 89' lang='lat' dir='ltr'>waert</span> 
     </span>
     <span class='ocr_line' id='line_1_12' title="bbox 246 1620 1389 1693; baseline -0.007 -11"><span class='ocrx_word' id='word_1_107' title='bbox 246 1624 373 1682; x_wconf 83' lang='lat' dir='ltr'>christus</span> <span class='ocrx_word' id='word_1_108' title='bbox 392 1623 504 1693; x_wconf 86' lang='lat' dir='ltr'>apostol</span> <span class='ocrx_word' id='word_1_109' title='bbox 524 1623 593 1677; x_wconf 87' lang='lat' dir='ltr'>ende</span> <span class='ocrx_word' id='word_1_110' title='bbox 613 1624 694 1678; x_wconf 81' lang='lat' dir='ltr'><strong>recht</strong></span> <span class='ocrx_word' id='word_1_111' title='bbox 712 1637 837 1692; x_wconf 73' lang='lat' dir='ltr'>nucero,</span> <span class='ocrx_word' id='word_1_112' title='bbox 925 1620 1018 1675; x_wconf 90' lang='lat' dir='ltr'>wordi</span> <span class='ocrx_word' id='word_1_113' title='bbox 1037 1622 1206 1674; x_wconf 89' lang='lat' dir='ltr'>maertelare</span> <span class='ocrx_word' id='word_1_114' title='bbox 1225 1620 1389 1692; x_wconf 83' lang='lat' dir='ltr'>gebenedijt</span> 
     </span>
    </p>

    <p class='ocr_par' dir='ltr' id='par_1_8' title="bbox 245 1707 1477 1868">
     <span class='ocr_line' id='line_1_13' title="bbox 248 1707 1477 1782; baseline 0 -18"><span class='ocrx_word' id='word_1_115' title='bbox 248 1711 298 1782; x_wconf 82' lang='lat' dir='ltr'>ghi</span> <span class='ocrx_word' id='word_1_116' title='bbox 315 1710 471 1765; x_wconf 85' lang='lat' dir='ltr'>bekeerdet</span> <span class='ocrx_word' id='word_1_117' title='bbox 488 1711 517 1764; x_wconf 92' lang='lat' dir='ltr'>in</span> <span class='ocrx_word' id='word_1_118' title='bbox 535 1711 684 1781; x_wconf 83' lang='lat' dir='ltr'>Spaengen</span> <span class='ocrx_word' id='word_1_119' title='bbox 703 1707 763 1766; x_wconf 84' lang='lat' dir='ltr'>lant</span> <span class='ocrx_word' id='word_1_120' title='bbox 926 1708 996 1761; x_wconf 87' lang='lat' dir='ltr'>ende</span> <span class='ocrx_word' id='word_1_121' title='bbox 1014 1724 1097 1762; x_wconf 88' lang='lat' dir='ltr'>uwen</span> <span class='ocrx_word' id='word_1_122' title='bbox 1116 1707 1241 1762; x_wconf 90' lang='lat' dir='ltr'>lechame</span> <span class='ocrx_word' id='word_1_123' title='bbox 1259 1725 1321 1763; x_wconf 90' lang='lat' dir='ltr'>nam</span> <span class='ocrx_word' id='word_1_124' title='bbox 1342 1709 1375 1762; x_wconf 91' lang='lat' dir='ltr'>de</span> <span class='ocrx_word' id='word_1_125' title='bbox 1393 1714 1477 1764; x_wconf 89' lang='lat' dir='ltr'>vaert</span> 
     </span>
     <span class='ocr_line' id='line_1_14' title="bbox 245 1794 1409 1868; baseline -0.002 -16"><span class='ocrx_word' id='word_1_126' title='bbox 245 1797 394 1868; x_wconf 85' lang='lat' dir='ltr'>menighen</span> <span class='ocrx_word' id='word_1_127' title='bbox 412 1797 552 1853; x_wconf 81' lang='lat' dir='ltr'>meinsclie</span> <span class='ocrx_word' id='word_1_128' title='bbox 570 1805 627 1854; x_wconf 90' lang='lat' dir='ltr'>met</span> <span class='ocrx_word' id='word_1_129' title='bbox 644 1815 725 1852; x_wconf 89' lang='lat' dir='ltr'>uwer</span> <span class='ocrx_word' id='word_1_130' title='bbox 743 1799 820 1854; x_wconf 87' lang='lat' dir='ltr'>leere</span> <span class='ocrx_word' id='word_1_131' title='bbox 925 1799 954 1849; x_wconf 83' lang='lat' dir='ltr'>te</span> <span class='ocrx_word' id='word_1_132' title='bbox 974 1794 1165 1864; x_wconf 82' lang='lat' dir='ltr'>Compostelle</span> <span class='ocrx_word' id='word_1_133' title='bbox 1187 1795 1216 1849; x_wconf 92' lang='lat' dir='ltr'>in</span> <span class='ocrx_word' id='word_1_134' title='bbox 1234 1801 1331 1851; x_wconf 86' lang='lat' dir='ltr'>corter</span> <span class='ocrx_word' id='word_1_135' title='bbox 1350 1797 1409 1868; x_wconf 85' lang='lat' dir='ltr'>tijt,</span> 
     </span>
    </p>

    <p class='ocr_par' dir='ltr' id='par_1_9' title="bbox 248 1880 1365 1955">
     <span class='ocr_line' id='line_1_15' title="bbox 248 1880 1365 1955; baseline -0.001 -17"><span class='ocrx_word' id='word_1_136' title='bbox 248 1900 286 1938; x_wconf 89' lang='lat' dir='ltr'>na</span> <span class='ocrx_word' id='word_1_137' title='bbox 304 1885 353 1939; x_wconf 86' lang='lat' dir='ltr'>der</span> <span class='ocrx_word' id='word_1_138' title='bbox 371 1884 442 1941; x_wconf 91' lang='lat' dir='ltr'>doot</span> <span class='ocrx_word' id='word_1_139' title='bbox 459 1900 515 1939; x_wconf 88' lang='lat' dir='ltr'>van</span> <span class='ocrx_word' id='word_1_140' title='bbox 534 1902 621 1941; x_wconf 86' lang='lat' dir='ltr'>onsen</span> <span class='ocrx_word' id='word_1_141' title='bbox 640 1887 735 1940; x_wconf 84' lang='lat' dir='ltr'>heere.</span> <span class='ocrx_word' id='word_1_142' title='bbox 926 1881 997 1935; x_wconf 88' lang='lat' dir='ltr'>daer</span> <span class='ocrx_word' id='word_1_143' title='bbox 1015 1880 1065 1951; x_wconf 82' lang='lat' dir='ltr'>ghi</span> <span class='ocrx_word' id='word_1_144' title='bbox 1083 1897 1120 1935; x_wconf 91' lang='lat' dir='ltr'>nu</span> <span class='ocrx_word' id='word_1_145' title='bbox 1137 1881 1283 1952; x_wconf 81' lang='lat' dir='ltr'>tegraven</span> <span class='ocrx_word' id='word_1_146' title='bbox 1302 1882 1365 1955; x_wconf 89' lang='lat' dir='ltr'>sijt,</span> 
     </span>
    </p>
   </div>
   <div class='ocr_carea' id='block_1_8' title="bbox 163 2006 1483 2434">
    <p class='ocr_par' dir='ltr' id='par_1_10' title="bbox 247 2006 1341 2086">
     <span class='ocr_line' id='line_1_16' title="bbox 247 2006 1341 2086; baseline 0.004 -23"><span class='ocrx_word' id='word_1_147' title='bbox 247 2006 300 2063; x_wconf 85' lang='lat' dir='ltr'>Ghi</span> <span class='ocrx_word' id='word_1_148' title='bbox 318 2012 408 2062; x_wconf 87' lang='lat' dir='ltr'>oaemt</span> <span class='ocrx_word' id='word_1_149' title='bbox 426 2007 567 2078; x_wconf 79' lang='lat' dir='ltr'>predelren</span> <span class='ocrx_word' id='word_1_150' title='bbox 586 2008 654 2062; x_wconf 90' lang='lat' dir='ltr'>daer</span> <span class='ocrx_word' id='word_1_151' title='bbox 672 2023 740 2062; x_wconf 87' lang='lat' dir='ltr'>nare</span> <span class='ocrx_word' id='word_1_152' title='bbox 924 2012 999 2065; x_wconf 86' lang='lat' dir='ltr'>Daer</span> <span class='ocrx_word' id='word_1_153' title='bbox 1018 2012 1056 2065; x_wconf 80' lang='lat' dir='ltr'>liu</span> <span class='ocrx_word' id='word_1_154' title='bbox 1073 2012 1181 2066; x_wconf 81' lang='lat' dir='ltr'>manich</span> <span class='ocrx_word' id='word_1_155' title='bbox 1196 2009 1341 2086; x_wconf 82' lang='lat' dir='ltr'>peleg&#39;rijn</span> 
     </span>
    </p>

    <p class='ocr_par' dir='ltr' id='par_1_11' title="bbox 163 2094 1483 2434">
     <span class='ocr_line' id='line_1_17' title="bbox 163 2094 1418 2172; baseline 0.005 -23"><span class='ocrx_word' id='word_1_156' title='bbox 163 2111 164 2115; x_wconf 70' lang='grc'>’</span> <span class='ocrx_word' id='word_1_157' title='bbox 247 2099 371 2150; x_wconf 87' lang='lat' dir='ltr'>omtrent</span> <span class='ocrx_word' id='word_1_158' title='bbox 388 2094 566 2150; x_wconf 73' lang='lat' dir='ltr'>iherusalem</span> <span class='ocrx_word' id='word_1_159' title='bbox 587 2096 656 2150; x_wconf 92' lang='lat' dir='ltr'>ende</span> <span class='ocrx_word' id='word_1_160' title='bbox 676 2095 744 2151; x_wconf 86' lang='lat' dir='ltr'>daer</span> <span class='ocrx_word' id='word_1_161' title='bbox 762 2096 872 2165; x_wconf 83' lang='lat' dir='ltr'>binnan,</span> <span class='ocrx_word' id='word_1_162' title='bbox 925 2100 1047 2170; x_wconf 85' lang='lat' dir='ltr'>gheerne</span> <span class='ocrx_word' id='word_1_163' title='bbox 1068 2103 1094 2154; x_wconf 87' lang='lat' dir='ltr'>te</span> <span class='ocrx_word' id='word_1_164' title='bbox 1113 2100 1289 2154; x_wconf 83' lang='lat' dir='ltr'>versoulrene</span> <span class='ocrx_word' id='word_1_165' title='bbox 1307 2100 1418 2172; x_wconf 83' lang='lat' dir='ltr'>pleghe.</span> 
     </span>
     <span class='ocr_line' id='line_1_18' title="bbox 246 2182 1483 2260; baseline 0.005 -24"><span class='ocrx_word' id='word_1_166' title='bbox 246 2182 317 2236; x_wconf 89' lang='lat' dir='ltr'>daer</span> <span class='ocrx_word' id='word_1_167' title='bbox 333 2182 451 2238; x_wconf 85' lang='lat' dir='ltr'>waende</span> <span class='ocrx_word' id='word_1_168' title='bbox 470 2201 489 2237; x_wconf 92' lang='lat' dir='ltr'>u</span> <span class='ocrx_word' id='word_1_169' title='bbox 507 2199 559 2237; x_wconf 92' lang='lat' dir='ltr'>een</span> <span class='ocrx_word' id='word_1_170' title='bbox 577 2188 711 2238; x_wconf 88' lang='lat' dir='ltr'>toverare</span> <span class='ocrx_word' id='word_1_171' title='bbox 923 2182 950 2238; x_wconf 92' lang='lat' dir='ltr'>ic</span> <span class='ocrx_word' id='word_1_172' title='bbox 968 2184 1067 2252; x_wconf 89' lang='lat' dir='ltr'>biddu,</span> <span class='ocrx_word' id='word_1_173' title='bbox 1086 2184 1150 2240; x_wconf 88' lang='lat' dir='ltr'>wilt</span> <span class='ocrx_word' id='word_1_174' title='bbox 1168 2185 1195 2239; x_wconf 91' lang='lat' dir='ltr'>in</span> <span class='ocrx_word' id='word_1_175' title='bbox 1214 2186 1287 2240; x_wconf 88' lang='lat' dir='ltr'>mine</span> <span class='ocrx_word' id='word_1_176' title='bbox 1306 2187 1390 2256; x_wconf 82' lang='lat' dir='ltr'>hulpa</span> <span class='ocrx_word' id='word_1_177' title='bbox 1409 2187 1483 2260; x_wconf 83' lang='lat' dir='ltr'>nijn,</span> 
     </span>
     <span class='ocr_line' id='line_1_19' title="bbox 245 2270 1418 2346; baseline 0.003 -22"><span class='ocrx_word' id='word_1_178' title='bbox 245 2274 348 2336; x_wconf 75' lang='lat' dir='ltr'>metten</span> <span class='ocrx_word' id='word_1_179' title='bbox 366 2270 446 2325; x_wconf 86' lang='lat' dir='ltr'>viant</span> <span class='ocrx_word' id='word_1_180' title='bbox 464 2271 536 2325; x_wconf 91' lang='lat' dir='ltr'>doen</span> <span class='ocrx_word' id='word_1_181' title='bbox 555 2271 733 2340; x_wconf 87' lang='lat' dir='ltr'>verwinnen,</span> <span class='ocrx_word' id='word_1_182' title='bbox 924 2272 973 2327; x_wconf 90' lang='lat' dir='ltr'>dat</span> <span class='ocrx_word' id='word_1_183' title='bbox 991 2289 1038 2343; x_wconf 91' lang='lat' dir='ltr'>my</span> <span class='ocrx_word' id='word_1_184' title='bbox 1057 2273 1115 2344; x_wconf 83' lang='lat' dir='ltr'>god</span> <span class='ocrx_word' id='word_1_185' title='bbox 1135 2280 1223 2328; x_wconf 83' lang='lat' dir='ltr'>voert</span> <span class='ocrx_word' id='word_1_186' title='bbox 1240 2274 1297 2328; x_wconf 90' lang='lat' dir='ltr'>alle</span> <span class='ocrx_word' id='word_1_187' title='bbox 1316 2276 1418 2346; x_wconf 83' lang='lat' dir='ltr'>weghe</span> 
     </span>
     <span class='ocr_line' id='line_1_20' title="bbox 246 2357 1418 2434; baseline 0.003 -22"><span class='ocrx_word' id='word_1_188' title='bbox 246 2374 324 2412; x_wconf 90' lang='lat' dir='ltr'>maer</span> <span class='ocrx_word' id='word_1_189' title='bbox 343 2357 392 2429; x_wconf 86' lang='lat' dir='ltr'>ghi</span> <span class='ocrx_word' id='word_1_190' title='bbox 410 2358 563 2414; x_wconf 85' lang='lat' dir='ltr'>bekeerdet</span> <span class='ocrx_word' id='word_1_191' title='bbox 580 2360 643 2413; x_wconf 89' lang='lat' dir='ltr'>hem</span> <span class='ocrx_word' id='word_1_192' title='bbox 661 2359 688 2414; x_wconf 92' lang='lat' dir='ltr'>in</span> <span class='ocrx_word' id='word_1_193' title='bbox 706 2358 824 2413; x_wconf 88' lang='lat' dir='ltr'>minoen.</span> <span class='ocrx_word' id='word_1_194' title='bbox 924 2360 1074 2416; x_wconf 89' lang='lat' dir='ltr'>verleenen</span> <span class='ocrx_word' id='word_1_195' title='bbox 1093 2361 1171 2415; x_wconf 92' lang='lat' dir='ltr'>wille</span> <span class='ocrx_word' id='word_1_196' title='bbox 1191 2363 1302 2433; x_wconf 83' lang='lat' dir='ltr'>goeden</span> <span class='ocrx_word' id='word_1_197' title='bbox 1321 2363 1418 2434; x_wconf 81' lang='lat' dir='ltr'>neghe.</span> 
     </span>
    </p>
   </div>
   <div class='ocr_carea' id='block_1_9' title="bbox 335 2495 1020 2570">
    <p class='ocr_par' dir='ltr' id='par_1_12' title="bbox 335 2495 1020 2570">
     <span class='ocr_line' id='line_1_21' title="bbox 335 2495 1020 2570; baseline 0 -18"><span class='ocrx_word' id='word_1_198' title='bbox 335 2498 383 2552; x_wconf 81' lang='lat' dir='ltr'>lla.</span> <span class='ocrx_word' id='word_1_199' title='bbox 402 2515 436 2552; x_wconf 84' lang='lat' dir='ltr'>zu</span> <span class='ocrx_word' id='word_1_200' title='bbox 455 2498 591 2553; x_wconf 86' lang='lat' dir='ltr'>Miinchen</span> <span class='ocrx_word' id='word_1_201' title='bbox 612 2498 689 2570; x_wconf 73' lang='lat' dir='ltr'>(lgm.</span> <span class='ocrx_word' id='word_1_202' title='bbox 709 2497 751 2553; x_wconf 81' lang='lat'>83.</span> <span class='ocrx_word' id='word_1_203' title='bbox 770 2495 790 2552; x_wconf 84' lang='lat' dir='ltr'>f.</span> <span class='ocrx_word' id='word_1_204' title='bbox 809 2501 852 2553; x_wconf 72' lang='lat'>70.</span> <span class='ocrx_word' id='word_1_205' title='bbox 872 2501 904 2552; x_wconf 88' lang='grc'>15</span> <span class='ocrx_word' id='word_1_206' title='bbox 924 2498 1020 2554; x_wconf 83' lang='lat' dir='ltr'>Jahrb.</span> 
     </span>
    </p>
   </div>
   <div class='ocr_carea' id='block_1_10' title="bbox 558 2781 1233 2880">
    <p class='ocr_par' dir='ltr' id='par_1_13' title="bbox 558 2781 1233 2880">
     <span class='ocr_line' id='line_1_22' title="bbox 558 2781 1233 2880; baseline -0.001 -26"><span class='ocrx_word' id='word_1_207' title='bbox 558 2784 642 2855; x_wconf 77' lang='lat'><strong>702.</strong></span> <span class='ocrx_word' id='word_1_208' title='bbox 676 2783 733 2852; x_wconf 88' lang='lat' dir='ltr'>De</span> <span class='ocrx_word' id='word_1_209' title='bbox 759 2808 786 2852; x_wconf 90' lang='lat' dir='ltr'>s.</span> <span class='ocrx_word' id='word_1_210' title='bbox 813 2781 982 2854; x_wconf 77' lang='lat' dir='ltr'>dohanne</span> <span class='ocrx_word' id='word_1_211' title='bbox 1007 2782 1233 2880; x_wconf 67' lang='lat' dir='ltr'>evangelista.</span> 
     </span>
    </p>
   </div>
   <div class='ocr_carea' id='block_1_11' title="bbox 247 2981 1508 3267">
    <p class='ocr_par' dir='ltr' id='par_1_14' title="bbox 247 2981 1508 3267">
     <span class='ocr_line' id='line_1_23' title="bbox 247 2981 1417 3067; baseline -0.003 -18"><span class='ocrx_word' id='word_1_212' title='bbox 247 2981 371 3049; x_wconf 88' lang='lat' dir='ltr'>Amore</span> <span class='ocrx_word' id='word_1_213' title='bbox 394 2982 514 3046; x_wconf 80' lang='lat' dir='ltr'>Christi</span> <span class='ocrx_word' id='word_1_214' title='bbox 537 2985 653 3047; x_wconf 89' lang='lat' dir='ltr'>nobilis</span> <span class='ocrx_word' id='word_1_215' title='bbox 927 2982 982 3066; x_wconf 81' lang='lat' dir='ltr'>„ln</span> <span class='ocrx_word' id='word_1_216' title='bbox 1005 2984 1164 3067; x_wconf 84' lang='lat' dir='ltr'>principio</span> <span class='ocrx_word' id='word_1_217' title='bbox 1188 2991 1261 3048; x_wconf 87' lang='lat' dir='ltr'>erat</span> <span class='ocrx_word' id='word_1_218' title='bbox 1283 2987 1417 3050; x_wconf 90' lang='lat' dir='ltr'>verbum</span> 
     </span>
     <span class='ocr_line' id='line_1_24' title="bbox 248 3087 1439 3170; baseline -0.001 -19"><span class='ocrx_word' id='word_1_219' title='bbox 248 3096 282 3151; x_wconf 90' lang='lat' dir='ltr'>et</span> <span class='ocrx_word' id='word_1_220' title='bbox 302 3088 388 3151; x_wconf 86' lang='lat' dir='ltr'>iilius</span> <span class='ocrx_word' id='word_1_221' title='bbox 411 3087 541 3150; x_wconf 86' lang='lat' dir='ltr'>tonitrui</span> <span class='ocrx_word' id='word_1_222' title='bbox 925 3095 959 3151; x_wconf 87' lang='lat' dir='ltr'>at</span> <span class='ocrx_word' id='word_1_223' title='bbox 980 3088 1115 3151; x_wconf 89' lang='lat' dir='ltr'>verbum</span> <span class='ocrx_word' id='word_1_224' title='bbox 1139 3095 1209 3150; x_wconf 91' lang='lat' dir='ltr'>erat</span> <span class='ocrx_word' id='word_1_225' title='bbox 1234 3087 1319 3170; x_wconf 91' lang='lat' dir='ltr'>apud</span> <span class='ocrx_word' id='word_1_226' title='bbox 1343 3087 1439 3152; x_wconf 90' lang='lat' dir='ltr'>deum</span> 
     </span>
     <span class='ocr_line' id='line_1_25' title="bbox 247 3187 1508 3267; baseline -0.002 -11"><span class='ocrx_word' id='word_1_227' title='bbox 247 3209 366 3256; x_wconf 85' lang='lat' dir='ltr'>arcana</span> <span class='ocrx_word' id='word_1_228' title='bbox 389 3188 556 3253; x_wconf 70' lang='lat' dir='ltr'>iohannes</span> <span class='ocrx_word' id='word_1_229' title='bbox 580 3187 632 3250; x_wconf 76' lang='lat' dir='ltr'>dei</span> <span class='ocrx_word' id='word_1_230' title='bbox 926 3195 959 3250; x_wconf 89' lang='lat' dir='ltr'>et</span> <span class='ocrx_word' id='word_1_231' title='bbox 982 3187 1062 3251; x_wconf 89' lang='lat' dir='ltr'>deus</span> <span class='ocrx_word' id='word_1_232' title='bbox 1087 3196 1157 3250; x_wconf 89' lang='lat' dir='ltr'>erat</span> <span class='ocrx_word' id='word_1_233' title='bbox 1179 3192 1327 3267; x_wconf 86' lang='lat' dir='ltr'>verbum,</span> <span class='ocrx_word' id='word_1_234' title='bbox 1349 3190 1412 3254; x_wconf 92' lang='lat' dir='ltr'>hoc</span> <span class='ocrx_word' id='word_1_235' title='bbox 1436 3197 1508 3254; x_wconf 85' lang='lat' dir='ltr'>erat</span> 
     </span>
    </p>
   </div>
   <div class='ocr_carea' id='block_1_12' title="bbox 245 3293 1555 3378">
    <p class='ocr_par' dir='ltr' id='par_1_15' title="bbox 245 3293 1555 3378">
     <span class='ocr_line' id='line_1_26' title="bbox 245 3293 1555 3378; baseline 0.001 -21"><span class='ocrx_word' id='word_1_236' title='bbox 245 3295 314 3359; x_wconf 88' lang='lat' dir='ltr'>fatu</span> <span class='ocrx_word' id='word_1_237' title='bbox 337 3293 499 3356; x_wconf 88' lang='lat' dir='ltr'>revelavit</span> <span class='ocrx_word' id='word_1_238' title='bbox 521 3310 624 3356; x_wconf 90' lang='lat' dir='ltr'>sacro.</span> <span class='ocrx_word' id='word_1_239' title='bbox 924 3295 957 3356; x_wconf 91' lang='lat' dir='ltr'>in</span> <span class='ocrx_word' id='word_1_240' title='bbox 980 3294 1139 3378; x_wconf 88' lang='lat' dir='ltr'>principio</span> <span class='ocrx_word' id='word_1_241' title='bbox 1164 3295 1250 3378; x_wconf 88' lang='lat' dir='ltr'>apud</span> <span class='ocrx_word' id='word_1_242' title='bbox 1273 3295 1377 3376; x_wconf 87' lang='lat' dir='ltr'>deum,</span> <span class='ocrx_word' id='word_1_243' title='bbox 1510 3297 1555 3358; x_wconf 85' lang='lat'>20</span> 
     </span>
    </p>
   </div>
   <div class='ocr_carea' id='block_1_13' title="bbox 238 3455 1486 3851">
    <p class='ocr_par' dir='ltr' id='par_1_16' title="bbox 238 3455 1486 3749">
     <span class='ocr_line' id='line_1_27' title="bbox 238 3455 1486 3556; baseline 0.002 -35"><span class='ocrx_word' id='word_1_244' title='bbox 238 3456 360 3540; x_wconf 80' lang='lat' dir='ltr'>-Captis</span> <span class='ocrx_word' id='word_1_245' title='bbox 385 3456 512 3519; x_wconf 83' lang='lat' dir='ltr'>solebat</span> <span class='ocrx_word' id='word_1_246' title='bbox 533 3456 676 3539; x_wconf 84' lang='lat' dir='ltr'>piscibus</span> <span class='ocrx_word' id='word_1_247' title='bbox 853 3460 871 3519; x_wconf 83' lang='lat'>5</span> <span class='ocrx_word' id='word_1_248' title='bbox 926 3458 1037 3522; x_wconf 87' lang='lat' dir='ltr'>Omnia</span> <span class='ocrx_word' id='word_1_249' title='bbox 1059 3479 1120 3542; x_wconf 88' lang='lat' dir='ltr'>per</span> <span class='ocrx_word' id='word_1_250' title='bbox 1142 3461 1247 3556; x_wconf 72' lang='lat' dir='ltr'>ipsum</span> <span class='ocrx_word' id='word_1_251' title='bbox 1268 3460 1354 3524; x_wconf 86' lang='lat' dir='ltr'>lacta</span> <span class='ocrx_word' id='word_1_252' title='bbox 1373 3455 1486 3540; x_wconf 55' lang='lat' dir='ltr'>sunt‘43</span> 
     </span>
     <span class='ocr_line' id='line_1_28' title="bbox 245 3560 1374 3646; baseline 0.002 -22"><span class='ocrx_word' id='word_1_253' title='bbox 245 3560 349 3644; x_wconf 89' lang='lat' dir='ltr'>patris</span> <span class='ocrx_word' id='word_1_254' title='bbox 374 3565 538 3621; x_wconf 83' lang='lat' dir='ltr'>senectam</span> <span class='ocrx_word' id='word_1_255' title='bbox 562 3578 716 3641; x_wconf 85' lang='lat' dir='ltr'>pascere,</span> <span class='ocrx_word' id='word_1_256' title='bbox 925 3563 984 3626; x_wconf 90' lang='lat' dir='ltr'>sed</span> <span class='ocrx_word' id='word_1_257' title='bbox 1005 3564 1076 3646; x_wconf 90' lang='lat' dir='ltr'>ipse</span> <span class='ocrx_word' id='word_1_258' title='bbox 1099 3564 1197 3629; x_wconf 87' lang='lat' dir='ltr'>laude</span> <span class='ocrx_word' id='word_1_259' title='bbox 1221 3584 1256 3627; x_wconf 88' lang='lat' dir='ltr'>se</span> <span class='ocrx_word' id='word_1_260' title='bbox 1280 3571 1374 3628; x_wconf 89' lang='lat' dir='ltr'>sonet</span> 
     </span>
     <span class='ocr_line' id='line_1_29' title="bbox 246 3659 1281 3749; baseline 0.002 -23"><span class='ocrx_word' id='word_1_261' title='bbox 246 3664 396 3726; x_wconf 80' lang='lat' dir='ltr'><strong>turbante</strong></span> <span class='ocrx_word' id='word_1_262' title='bbox 421 3659 493 3722; x_wconf 88' lang='lat' dir='ltr'>dum</span> <span class='ocrx_word' id='word_1_263' title='bbox 515 3668 605 3722; x_wconf 90' lang='lat' dir='ltr'>natat</span> <span class='ocrx_word' id='word_1_264' title='bbox 624 3662 693 3722; x_wconf 90' lang='lat' dir='ltr'>salo</span> <span class='ocrx_word' id='word_1_265' title='bbox 926 3674 958 3729; x_wconf 93' lang='lat' dir='ltr'>et</span> <span class='ocrx_word' id='word_1_266' title='bbox 980 3665 1144 3729; x_wconf 84' lang='lat' dir='ltr'>laureatus</span> <span class='ocrx_word' id='word_1_267' title='bbox 1168 3667 1281 3749; x_wconf 86' lang='lat' dir='ltr'>spiritu</span> 
     </span>
    </p>

    <p class='ocr_par' dir='ltr' id='par_1_17' title="bbox 246 3763 1349 3851">
     <span class='ocr_line' id='line_1_30' title="bbox 246 3763 1349 3851; baseline 0.003 -23"><span class='ocrx_word' id='word_1_268' title='bbox 246 3764 415 3829; x_wconf 88' lang='lat' dir='ltr'>immobilis</span> <span class='ocrx_word' id='word_1_269' title='bbox 437 3763 502 3828; x_wconf 88' lang='lat' dir='ltr'>fide</span> <span class='ocrx_word' id='word_1_270' title='bbox 527 3765 624 3827; x_wconf 89' lang='lat' dir='ltr'>stetit.</span> <span class='ocrx_word' id='word_1_271' title='bbox 925 3770 1053 3851; x_wconf 89' lang='lat' dir='ltr'>scriptis</span> <span class='ocrx_word' id='word_1_272' title='bbox 1078 3777 1252 3833; x_wconf 75' lang='lat' dir='ltr'>coronetur</span> <span class='ocrx_word' id='word_1_273' title='bbox 1275 3769 1349 3831; x_wconf 86' lang='lat' dir='ltr'>suis&#39;.</span> 
     </span>
    </p>
   </div>
   <div class='ocr_carea' id='block_1_14' title="bbox 211 3927 1557 4322">
    <p class='ocr_par' dir='ltr' id='par_1_18' title="bbox 211 3927 1557 4322">
     <span class='ocr_line' id='line_1_31' title="bbox 245 3927 1557 4016; baseline 0.001 -23"><span class='ocrx_word' id='word_1_274' title='bbox 245 3930 380 3998; x_wconf 88' lang='lat' dir='ltr'>Hamum</span> <span class='ocrx_word' id='word_1_275' title='bbox 403 3927 565 4012; x_wconf 81' lang='lat' dir='ltr'>profundo</span> <span class='ocrx_word' id='word_1_276' title='bbox 589 3937 779 4011; x_wconf 83' lang='lat' dir='ltr'>merserat‚·</span> <span class='ocrx_word' id='word_1_277' title='bbox 843 3962 845 3966; x_wconf 87' lang='grc'><em>·</em></span> <span class='ocrx_word' id='word_1_278' title='bbox 925 3932 1099 3998; x_wconf 77' lang='lat' dir='ltr'>Commune</span> <span class='ocrx_word' id='word_1_279' title='bbox 1123 3935 1230 3997; x_wconf 92' lang='lat' dir='ltr'>multis</span> <span class='ocrx_word' id='word_1_280' title='bbox 1253 3932 1363 4016; x_wconf 79' lang='lat' dir='ltr'>passio</span> <span class='ocrx_word' id='word_1_281' title='bbox 1511 3933 1557 3994; x_wconf 86' lang='lat'>25</span> 
     </span>
     <span class='ocr_line' id='line_1_32' title="bbox 246 4033 1410 4120; baseline 0.001 -23"><span class='ocrx_word' id='word_1_282' title='bbox 246 4036 388 4118; x_wconf 84' lang='lat' dir='ltr'>piscatus</span> <span class='ocrx_word' id='word_1_283' title='bbox 412 4042 462 4096; x_wconf 89' lang='lat' dir='ltr'>est</span> <span class='ocrx_word' id='word_1_284' title='bbox 483 4037 618 4098; x_wconf 85' lang='lat' dir='ltr'>verbum</span> <span class='ocrx_word' id='word_1_285' title='bbox 643 4033 711 4114; x_wconf 85' lang='lat' dir='ltr'>dei,</span> <span class='ocrx_word' id='word_1_286' title='bbox 832 4036 871 4097; x_wconf 90' lang='lat'>10</span> <span class='ocrx_word' id='word_1_287' title='bbox 925 4055 1085 4120; x_wconf 76' lang='lat' dir='ltr'>cruorque</span> <span class='ocrx_word' id='word_1_288' title='bbox 1109 4038 1259 4102; x_wconf 88' lang='lat' dir='ltr'>delictum</span> <span class='ocrx_word' id='word_1_289' title='bbox 1282 4038 1410 4117; x_wconf 77' lang='lat' dir='ltr'>lavam,</span> 
     </span>
     <span class='ocr_line' id='line_1_33' title="bbox 240 4137 1485 4220; baseline -0.002 -20"><span class='ocrx_word' id='word_1_290' title='bbox 240 4138 380 4220; x_wconf 86' lang='lat' dir='ltr'>jactavit</span> <span class='ocrx_word' id='word_1_291' title='bbox 403 4137 496 4201; x_wconf 90' lang='lat' dir='ltr'>undis</span> <span class='ocrx_word' id='word_1_292' title='bbox 519 4139 602 4201; x_wconf 89' lang='lat' dir='ltr'>retia</span> <span class='ocrx_word' id='word_1_293' title='bbox 925 4139 988 4204; x_wconf 90' lang='lat' dir='ltr'>hoc</span> <span class='ocrx_word' id='word_1_294' title='bbox 1005 4146 1113 4210; x_wconf 68' lang='lat' dir='ltr'>,morte</span> <span class='ocrx_word' id='word_1_295' title='bbox 1136 4146 1273 4220; x_wconf 83' lang='lat' dir='ltr'>praestat</span> <span class='ocrx_word' id='word_1_296' title='bbox 1295 4145 1485 4220; x_wconf 85' lang='lat' dir='ltr'>martyrum,</span> 
     </span>
     <span class='ocr_line' id='line_1_34' title="bbox 211 4241 1403 4322; baseline -0.002 -18"><span class='ocrx_word' id='word_1_297' title='bbox 211 4241 344 4315; x_wconf 86' lang='lat' dir='ltr'>··vitam</span> <span class='ocrx_word' id='word_1_298' title='bbox 369 4242 491 4305; x_wconf 86' lang='lat' dir='ltr'>levavit</span> <span class='ocrx_word' id='word_1_299' title='bbox 515 4243 661 4305; x_wconf 77' lang='lat' dir='ltr'>omnium,</span> <span class='ocrx_word' id='word_1_300' title='bbox 925 4241 1012 4322; x_wconf 90' lang='lat' dir='ltr'>quod</span> <span class='ocrx_word' id='word_1_301' title='bbox 1036 4241 1112 4304; x_wconf 89' lang='lat' dir='ltr'>fecit</span> <span class='ocrx_word' id='word_1_302' title='bbox 1135 4259 1208 4302; x_wconf 90' lang='lat' dir='ltr'>esse</span> <span class='ocrx_word' id='word_1_303' title='bbox 1231 4249 1403 4321; x_wconf 77' lang='lat' dir='ltr'>martyres,</span> 
     </span>
    </p>
   </div>
   <div class='ocr_carea' id='block_1_15' title="bbox 243 4403 1558 4800">
    <p class='ocr_par' dir='ltr' id='par_1_19' title="bbox 243 4403 1383 4488">
     <span class='ocr_line' id='line_1_35' title="bbox 243 4403 1383 4488; baseline -0.003 -20"><span class='ocrx_word' id='word_1_304' title='bbox 243 4403 346 4468; x_wconf 85' lang='lat' dir='ltr'>Piscis</span> <span class='ocrx_word' id='word_1_305' title='bbox 368 4407 471 4469; x_wconf 85' lang='lat' dir='ltr'>bonus</span> <span class='ocrx_word' id='word_1_306' title='bbox 494 4407 549 4486; x_wconf 92' lang='lat' dir='ltr'>pia</span> <span class='ocrx_word' id='word_1_307' title='bbox 572 4412 622 4468; x_wconf 85' lang='lat' dir='ltr'>est</span> <span class='ocrx_word' id='word_1_308' title='bbox 643 4404 726 4469; x_wconf 90' lang='lat' dir='ltr'>fides</span> <span class='ocrx_word' id='word_1_309' title='bbox 923 4408 1060 4472; x_wconf 90' lang='lat' dir='ltr'>Vinctus</span> <span class='ocrx_word' id='word_1_310' title='bbox 1082 4413 1190 4469; x_wconf 85' lang='lat' dir='ltr'>tamen</span> <span class='ocrx_word' id='word_1_311' title='bbox 1213 4406 1254 4467; x_wconf 86' lang='lat' dir='ltr'>ab</span> <span class='ocrx_word' id='word_1_312' title='bbox 1278 4404 1383 4488; x_wconf 88' lang='lat' dir='ltr'>impiis</span> 
     </span>
    </p>

    <p class='ocr_par' dir='ltr' id='par_1_20' title="bbox 243 4505 1558 4697">
     <span class='ocr_line' id='line_1_36' title="bbox 243 4505 1558 4589; baseline 0.005 -21"><span class='ocrx_word' id='word_1_313' title='bbox 243 4505 352 4570; x_wconf 90' lang='lat' dir='ltr'>mundi</span> <span class='ocrx_word' id='word_1_314' title='bbox 375 4514 589 4589; x_wconf 80' lang='lat' dir='ltr'>supernatans</span> <span class='ocrx_word' id='word_1_315' title='bbox 613 4507 731 4588; x_wconf 85' lang='lat' dir='ltr'>salum,</span> <span class='ocrx_word' id='word_1_316' title='bbox 924 4512 1050 4578; x_wconf 86' lang='lat' dir='ltr'>calente</span> <span class='ocrx_word' id='word_1_317' title='bbox 1074 4511 1162 4574; x_wconf 88' lang='lat' dir='ltr'>olivo</span> <span class='ocrx_word' id='word_1_318' title='bbox 1184 4509 1301 4574; x_wconf 85' lang='lat' dir='ltr'>dicitur</span> <span class='ocrx_word' id='word_1_319' title='bbox 1497 4510 1558 4572; x_wconf 88' lang='grc'>’30</span> 
     </span>
     <span class='ocr_line' id='line_1_37' title="bbox 243 4606 1395 4697; baseline 0.003 -25"><span class='ocrx_word' id='word_1_320' title='bbox 243 4609 387 4686; x_wconf 84' lang='lat' dir='ltr'>subnixa·</span> <span class='ocrx_word' id='word_1_321' title='bbox 404 4606 525 4670; x_wconf 79' lang='lat' dir='ltr'>Christi</span> <span class='ocrx_word' id='word_1_322' title='bbox 543 4617 695 4692; x_wconf 84' lang='lat' dir='ltr'>pectore,</span> <span class='ocrx_word' id='word_1_323' title='bbox 830 4613 869 4674; x_wconf 83' lang='lat'>15</span> <span class='ocrx_word' id='word_1_324' title='bbox 923 4616 1057 4680; x_wconf 86' lang='lat' dir='ltr'>tersisse</span> <span class='ocrx_word' id='word_1_325' title='bbox 1080 4613 1188 4678; x_wconf 91' lang='lat' dir='ltr'>mundi</span> <span class='ocrx_word' id='word_1_326' title='bbox 1210 4613 1395 4697; x_wconf 87' lang='lat' dir='ltr'>pulverem,</span> 
     </span>
    </p>

    <p class='ocr_par' dir='ltr' id='par_1_21' title="bbox 244 4711 1319 4800">
     <span class='ocr_line' id='line_1_38' title="bbox 244 4711 1319 4800; baseline 0.004 -28"><span class='ocrx_word' id='word_1_327' title='bbox 244 4718 357 4775; x_wconf 89' lang='lat' dir='ltr'>sancto</span> <span class='ocrx_word' id='word_1_328' title='bbox 380 4711 488 4776; x_wconf 90' lang='lat' dir='ltr'>locuta</span> <span class='ocrx_word' id='word_1_329' title='bbox 511 4713 644 4795; x_wconf 88' lang='lat' dir='ltr'>spiritu:</span> <span class='ocrx_word' id='word_1_330' title='bbox 843 4795 846 4800; x_wconf 27' lang='grc' dir='ltr'>Ι</span> <span class='ocrx_word' id='word_1_331' title='bbox 923 4717 1053 4781; x_wconf 87' lang='lat' dir='ltr'>stetisse</span> <span class='ocrx_word' id='word_1_332' title='bbox 1075 4716 1181 4780; x_wconf 87' lang='lat' dir='ltr'>victor</span> <span class='ocrx_word' id='word_1_333' title='bbox 1205 4713 1319 4778; x_wconf 89' lang='lat' dir='ltr'>aemuli.</span> 
     </span>
    </p>
   </div>
   <div class='ocr_carea' id='block_1_16' title="bbox 0 0 1670 5318">
    <p class='ocr_par' dir='ltr' id='par_1_22' title="bbox 0 0 1670 5318">
     <span class='ocr_line' id='line_1_39' title="bbox 0 0 1670 5318; baseline 0 0"><span class='ocrx_word' id='word_1_334' title='bbox 0 0 1670 5318; x_wconf 95' lang='lat' dir='ltr'> </span> 
     </span>
    </p>
   </div>
  </div>
 </body>
</html>
