3294 5316
224 499 327 568 Deum
350 499 462 566 laudet
483 507 594 566 noster
616 499 753 580 ohorns,
902 495 1071 563 offerebas
1092 505 1129 563 nt
1150 495 1255 581 Abel,

225 602 323 670 laude
346 601 464 687 dignus
487 604 542 686 qui
563 611 614 668 est
636 603 726 667 solua
901 601 1077 666 luctabaris
1100 601 1133 664 in
1155 600 1286 684 Bothel,

270 714 303 772 et
325 707 410 772 omni
432 705 529 772 laude
549 705 689 790 dignior.
809 704 850 766 15
947 704 1076 768 servisti
1099 703 1205 770 Jaooh
1227 722 1289 787 pro
1311 702 1447 788 Raohel,
1489 705 1538 768 45

226 815 352 875 eruotet
374 808 511 874 laudans
534 807 587 872 dei
609 807 728 872 donum
902 807 1043 874 refutata
1064 809 1214 895 Jesahel,

225 911 258 976 in
281 917 419 995 patrono
442 912 577 974 verbum
599 911 718 973 bonum
903 913 1052 977 oastitate
1074 911 1191 978 Daniel

269 1015 354 1097 vita,
378 1014 503 1096 lingua,
527 1031 616 1077 mens
640 1019 672 1077 et
695 1029 760 1078 oor.
946 1015 986 1078 fis
1008 1015 1129 1082 illaesus
1152 1024 1188 1082 ut
1209 1016 1360 1084 Mizahel.

225 1232 455 1300 Mardoohaeus
478 1233 672 1314 honoratur,
904 1229 1029 1308 Quaeris
1052 1248 1115 1296 non
1139 1233 1223 1297 inter
1244 1241 1415 1317 parantes,

225 1335 371 1404 Naaman
394 1333 489 1419 lepra
510 1333 682 1399 mundatur
808 1334 849 1396 20
903 1326 1057 1415 (imitaris
1080 1337 1242 1419 fugientes
1492 1340 1539 1403 50

270 1447 304 1504 et
324 1437 433 1504 Amen
456 1437 672 1523 suspenditur.
946 1437 1091 1522 domum,
1114 1447 1227 1522 notos,
1250 1439 1424 1524 patriam,)

226 1562 343 1610 saoeus
366 1543 451 1609 stola
473 1549 703 1624 eommutatur‚
902 1562 1015 1624 regem
1037 1563 1168 1626 regum,
1193 1564 1288 1626 quem
1311 1544 1442 1625 amasti,

226 1649 364 1714 sordens
388 1667 467 1716 oaro
488 1654 681 1729 renovatur,
904 1645 957 1710 dei
979 1653 1058 1711 nutu
1084 1654 1119 1712 tu
1142 1648 1269 1712 intrasti

270 1753 402 1819 Zachaei
424 1753 514 1818 fraus
537 1751 686 1817 abolitur.
936 1746 1067 1826 vallem
1087 1749 1190 1815 Rodis
1212 1750 1385 1816 horridam.

225 1967 338 2036 Arrha
362 1967 449 2032 stola
471 1966 575 2050 prima
598 1963 706 2045 datur,
809 1965 850 2026 25
904 1964 1061 2031 Ooomer
1083 1965 1257 2048 Piotaviae,
1490 1967 1533 2030 55

225 2075 258 2138 in
281 2073 344 2137 hao
367 2071 419 2135 die
445 2069 664 2153 amplexatur,
902 2089 992 2136 more
1015 2071 1105 2154 regia
1125 2071 1242 2135 Ninive

269 2174 390 2239 vitulus
413 2171 586 2253 oooiditur,
946 2175 1107 2258 poenitens
1131 2181 1163 2238 te
1183 2170 1371 2256 humihasti,

227 2279 300 2362 agri
322 2277 425 2344 oultor
448 2277 626 2357 simonisat,
902 2277 1085 2343 Ezeohielis
1107 2278 1274 2363 precibus,

227 2379 301 2445 dum
322 2381 469 2464 ignorat,
493 2384 645 2461 qnantum
667 2383 767 2459 amat,
887 2380 1112 2465 ¹ltlagdalenae
1133 2381 1263 2448 fletibus

270 2483 322 2549 oui
343 2483 418 2567 plus
443 2481 619 2546 dimittitur.
808 2481 850 2546 30
948 2484 1083 2550 effluens
1106 2485 1206 2579 vitapp
1229 2483 1441 2568 prolongasti.
1483 2485 1528 2550 60

227 2697 360 2764 Gratum
381 2697 495 2762 florem
516 2697 601 2761 inter
624 2697 754 2780 spinas,
902 2699 958 2766 Ad
981 2702 1066 2766 hano
1083 2709 1186 2783 tuam,
1209 2703 1294 2767 bone
1315 2705 1423 2784 pater,

204 2803 344 2888 ‚honum
367 2801 476 2866 vinum
500 2799 542 2864 ad
565 2802 720 2865 oonvivaa
790 2888 792 2893 Ι
903 2805 1078 2888 singularis
1101 2804 1190 2869 ferus
1213 2824 1295 2888 aper

268 2906 359 2970 novit
382 2904 463 2969 dens
485 2905 615 2986 faeere,
946 2929 988 2974 ne
1011 2908 1163 2974 devastet
1184 2909 1331 2989 vineam,

225 3010 333 3076 haurit
354 3027 455 3092 aquas
477 3027 567 3073 mens
590 3007 712 3073 doloris
724 3055 734 3090 ,
901 3013 1043 3078 transfer
1066 3014 1131 3078 oito
1155 3013 1198 3078 de
1221 3009 1397 3097 Aegypto,

226 3131 307 3197 quas
331 3113 481 3178 divinisat
503 3114 631 3197 saporis
807 3113 849 3176 35
901 3116 1072 3182 Pharaone
1095 3117 1274 3196 suffocato,
1315 3129 1319 3135 '
1485 3117 1528 3180 65

269 3218 324 3301 pie
345 3223 440 3302 pater
462 3215 569 3281 hodie.
945 3220 988 3284 ad
1010 3220 1064 3284 dei
1084 3220 1198 3287 looana
1221 3220 1402 3302 dexteram,

225 3431 366 3500 Samson
388 3431 482 3498 fortis
506 3439 542 3496 tu
563 3429 666 3515 fuisti,
901 3435 965 3504 Ubi
987 3435 1060 3500 finis
1082 3437 1178 3501 honae
1200 3435 1292 3518 vitae,

225 3545 324 3623 oaput
345 3538 462 3620 Dagon
483 3535 662 3619 praeoidisti
902 3540 943 3607 ad
968 3560 1061 3623 quem
1083 3541 1219 3606 tendunt
1240 3541 1423 3624 heremitae}

268 3658 368 3724 super
393 3638 566 3720 liminaria,
944 3653 1067 3710 aeterna
1089 3646 1246 3728 societas,

226 3741 377 3808 draoonis
400 3749 498 3824 eaput
520 3742 637 3806 trivisti
804 3744 844 3806 10
901 3747 1058 3832 splendor
1080 3748 1177 3830 lueis,
1200 3749 1256 3814 via
1277 3749 1373 3830 vitae,
1485 3746 1527 3809 'td

226 3853 260 3910 et
282 3843 420 3928 Golyam
441 3845 607 3927 peremisti
900 3857 1015 3934 pastor
1037 3852 1138 3932 hono,
1160 3849 1247 3914 mina
1270 3851 1346 3914 mite

270 3948 338 4013 vita
360 3947 557 4016 heremitioa.
944 3970 1004 4017 nos
1027 3952 1070 4017 ad
1093 3954 1170 4037 agni
1191 3952 1330 4036 nuptias.

312 4161 361 4217 lle.
379 4178 414 4218 nu
432 4159 597 4230 llarlsruhe,
616 4176 642 4216 o.
662 4158 797 4218 Novom
814 4161 886 4219 Jahr
906 4162 983 4216 1110.
1002 4161 1044 4216 Bl.
1062 4163 1123 4217 310.
1140 4161 1191 4217 mit
1208 4161 1394 4217 hlusilrnoton.

313 4283 494 4340 7Wilholm.
512 4281 558 4340 lla.
582 4281 633 4338 dor
650 4281 726 4340 Vers
742 4284 876 4356 verlangt
893 4283 938 4338 dia
956 4284 1015 4339 alte
1033 4284 1125 4340 Fornn
1167 4285 1203 4340 10
1220 4283 1339 4340 oontriv.
1358 4281 1405 4340 lla.
1442 4282 1476 4338 48
1493 4285 1526 4338 ut

225 4367 298 4427 fehlt
316 4371 365 4427 der
383 4372 429 4427 lla.
467 4371 502 4424 56
522 4370 569 4442 qui
586 4387 655 4428 mor.
673 4371 720 4427 lla
755 4372 790 4427 01
808 4376 916 4444 pastor,
935 4372 983 4428 lla
1020 4372 1056 4426 69
1074 4375 1245 4444 eternaque,
1262 4372 1310 4428 lls.

294 4545 351 4601 Das
369 4543 438 4598 Lied
455 4543 494 4600 ist
510 4559 568 4601 von
585 4543 674 4600 einem
691 4542 904 4602 franziisisohen
921 4544 1050 4615 Dichter,
1081 4544 1138 4599 wie
1162 4543 1206 4599 die
1224 4539 1357 4616 lldufung
1375 4541 1425 4597 der
1442 4539 1525 4595 bibli·
1630 4589 1631 4614 ,

225 4631 311 4687 sehon
328 4630 524 4703 Beziehnngen
547 4631 604 4686 und
629 4631 673 4686 die
696 4633 819 4689 Wdrter
842 4632 977 4688 divinisat
994 4634 1029 4688 35
1053 4631 1129 4686 mina
1146 4633 1180 4685 11
1204 4647 1231 4687 v.
1248 4645 1341 4687 monor
1362 4629 1524 4686 vonathen.

223 4717 262 4776 lle
280 4719 336 4791 gab
354 4719 427 4776 auoh
444 4720 503 4777 alto
519 4717 713 4778 franaosisehe
730 4721 830 4779 lieder
848 4718 902 4778 aui
914 4720 976 4777 ilrn:
995 4720 1084 4794 vulgo
1103 4720 1214 4778 canitur
1231 4717 1473 4794 ajooolatoribnr
1487 4714 1524 4770 de
