3294 5322
237 365 306 437 002

238 557 310 626 Fac
333 575 394 623 nos
416 557 488 639 tibi,
512 554 573 619 deo
597 541 678 618 vero
922 551 973 619 Sit
996 561 1029 620 et
1050 556 1243 620 nala'noltis
1266 557 1359 621 testis

240 663 337 748 gravi
358 679 450 726 more
476 666 509 724 et
533 676 667 739 severo,
827 657 868 720 30
922 677 1021 742 super
1044 659 1167 723 cunctis
1189 661 1309 723 nostris
1328 661 1442 743 gestis,

241 774 312 832 tota
334 773 456 844 mente,
479 762 578 828 corde
601 779 693 828 mero
920 761 963 826 sit
986 770 1019 826 et
1040 763 1155 826 mentis
1177 772 1299 827 nostrae
1320 764 1428 827 vestis*

284 869 373 932 serre
394 865 493 931 laude
517 865 634 930 dulcia.
918 869 921 876 ’
964 867 1102 950 pulchra
1123 868 1327 950 innocentia,
1510 868 1559 930 to

237 1055 335 1122 Uxor
356 1055 428 1139 ejus
450 1055 544 1119 nobis
563 1055 679 1138 juncta
918 1051 963 1119 lJt
984 1071 1044 1120 nos
1066 1054 1189 1136 lortes,
1214 1054 1314 1120 corde
1336 1056 1428 1139 puri,
1456 1100 1458 1104 .

236 1175 301 1225 nos
321 1160 470 1224 defenset
492 1160 627 1244 pellens.
644 1167 779 1241 cunda,
917 1159 951 1222 in
973 1157 1036 1223 hoc
1058 1175 1154 1222 sacro
1176 1159 1368 1242 pugnaturi,

242 1281 315 1345 quae
338 1271 411 1326 sunt
432 1263 525 1327 nobis
547 1262 624 1326 felle
643 1261 759 1345 juncta
823 1262 865 1323 35
919 1259 1013 1326 hoste
1035 1261 1123 1325 victo
1145 1261 1348 1344 permansuri

280 1369 344 1434 sub
367 1367 463 1432 melle
486 1365 629 1430 latentia.
963 1373 1070 1430 tecum
1095 1366 1193 1429 simus
1214 1367 1383 1450 perpetim.

240 1521 243 1528 ’
326 1532 374 1590 lis.
390 1548 447 1586 von
457 1531 486 1588 S.
497 1531 582 1588 Peter
599 1531 801 1587 nuKarlsruhe
815 1532 868 1587 No.
883 1533 923 1587 16.
935 1549 961 1603 p.
972 1533 1032 1587 366.
1051 1533 1101 1588 mit
1116 1534 1166 1588 der
1180 1531 1308 1603 illelodie,
1323 1535 1465 1591 lllahrh.
1484 1537 1557 1608 (A).

238 1619 354 1678 Missalo
372 1619 527 1691 llloguntin.
545 1635 571 1672 v.
590 1619 668 1673 1482.
687 1619 750 1690 (B).
785 1617 851 1692 Vgl
869 1617 962 1676 Serius
979 1621 1014 1675 de
1033 1621 1147 1692 probat.
1165 1638 1203 1676 ns.
1220 1623 1269 1676 vit.
1286 1620 1367 1676 Febr.
1387 1623 1429 1676 10.
1538 1641 1542 1648 ·

563 1862 677 1977 Ι11154.
712 1860 970 2004 Hpmpnum's.
998 1903 1228 2016 simpliciani.

241 2101 364 2171 Summi
386 2106 470 2171 vatis
493 2107 691 2190 praeconium
919 2105 1122 2190 Augustinus
1145 2107 1274 2193 scriptis
1292 2109 1415 2193 pulsat,

241 2203 445 2290 simpliciani
467 2206 623 2291 canimus,
919 2214 954 2269 ut
977 2207 1079 2288 agitet
1101 2207 1282 2290 ingenium,

243 2311 297 2394 qui
320 2311 397 2373 vitae
421 2329 549 2374 cursum
572 2309 739 2394 explicans
920 2311 1133 2390 quaestionum
1155 2310 1236 2374 ludit
1258 2309 1362 2375 forma

241 2415 412 2481 consessor
435 2415 554 2479 domini
577 2414 691 2479 extitit.
919 2415 1095 2498 epistolare
1119 2417 1297 2500 problema.

239 2604 334 2672 Hunc
355 2608 410 2672 ille
433 2627 527 2674 sacer
549 2624 734 2692 praecessor
844 2609 863 2669 5
918 2604 1061 2669 Verbum
1084 2603 1137 2667 dei
1161 2603 1359 2674 fructificans
1506 2607 1547 2668 25

238 2709 404 2791 insignivit
426 2707 641 2790 Ambrosius,
918 2709 950 2772 in
974 2708 1167 2792 populorum
1189 2708 1361 2790 cordibus,

237 2813 395 2877 vicarium
418 2813 504 2876 sedis
528 2811 659 2894 dignum
917 2811 1073 2894 praelatus
1096 2810 1208 2876 Romae
1230 2812 1359 2876 habitus

238 2917 392 3000 praedixit
415 2917 500 2983 hunc
523 2919 664 2983 oraculo.
918 2909 1116 2998 praedicator
1139 2917 1301 2998 egregius.

240 3105 268 3171 0
291 3125 386 3190 quam
408 3107 487 3172 felix
509 3110 691 3190 successio,
918 3099 1090 3170 Multitudo
1112 3092 1280 3170 innumera

240 3211 404 3294 praeclara
425 3227 510 3274 nnnc
532 3211 715 3293 hereditas,
824 3217 863 3279 lc
917 3227 978 3291 per
1000 3227 1072 3272 eum
1094 3209 1260 3292 baptizata
1281 3214 1341 3292 est,
1501 3210 1543 3274 30

240 3311 399 3394 signifera
417 3312 515 3376 missa
537 3331 621 3378 voce
918 3330 999 3394 quos
1021 3312 1105 3376 inter
1127 3313 1240 3377 rhetor
1262 3313 1405 3376 famosus

240 3414 333 3478 trinis
356 3415 460 3478 modis
484 3415 653 3483 distinctio.
917 3423 950 3479 et
973 3415 1159 3480 Victorinus
1181 3415 1328 3480 credidit

237 3597 350 3668 Laetus
372 3609 486 3685 pastor
507 3605 718 3686 grandaevus,
915 3605 1075 3672 Ecclesiae
1098 3626 1175 3672 arce
1197 3609 1324 3692 pollens

236 3703 297 3766 sed
318 3703 396 3767 licet
418 3704 556 3788 simplex
579 3710 736 3792 moribus,
915 3709 1000 3774 lianc
1022 3711 1128 3798 aulam
1151 3707 1283 3776 Christo
1305 3710 1469 3795 condidit,

237 3806 394 3869 sanctitas
418 3825 525 3873 comes
547 3811 607 3876 luit
757 3835 769 3850 ‘·
822 3817 862 3877 15
915 3811 1122 3878 Ambrosium
1145 3811 1273 3877 mittens
1295 3831 1418 3880 caecum
1500 3819 1540 3879 at

239 3909 282 3972 ab
302 3910 398 3981 ‚annis
421 3914 608 3997 puerilibus.
915 3917 978 3982 hnc
1000 3917 1181 3984 Dalmatico
1203 3917 1321 3984 littore.
1619 3897 1620 3916 ¹

237 4096 398 4164 Doctrina*
415 4109 532 4184 putens
556 4101 671 4167 claruit
915 4105 1012 4172 Ocius
1033 4107 1089 4171 ille
1112 4105 1245 4170 veniens

134 4217 143 4234 ·
237 4207 307 4266 toto
332 4205 412 4269 orbe
434 4205 633 4289 notissimus,
915 4210 1022 4274 lumen
1044 4211 1160 4293 recipit
1182 4211 1304 4274 eminus

236 4306 336 4369 multa
359 4309 512 4372 tractavit
535 4309 644 4373 divina
675 4349 685 4368 ·
914 4309 1047 4377 Sisinnli
1068 4310 1215 4395 martyrii

235 4407 382 4490 ingentia
404 4409 575 4473 volumina.
819 4416 863 4478 20
913 4415 1034 4478 meritis
1057 4423 1090 4478 et
1111 4411 1303 4479 Alexandri.
1495 4413 1535 4476 to

324 4571 372 4644 lis·
388 4606 423 4643 nu
435 4589 567 4663 dlailand,
584 4593 713 4650 Ambros.
729 4591 818 4666 Bibl.‚
836 4597 870 4654 ll
888 4601 931 4654 25.
951 4601 985 4653 15
1003 4601 1103 4655 Jahrh.
1138 4599 1345 4673 Urspriinglich
1362 4613 1426 4654 war
1445 4599 1534 4653 dieses

234 4671 305 4730 Lied
328 4676 402 4729 nach
420 4676 451 4730 V.
470 4679 505 4731 34
527 4676 576 4734 fiir
601 4679 645 4736 die
665 4683 770 4739 Kirche
788 4685 817 4740 S.
836 4685 1025 4758 Semplioiano
1046 4688 1078 4742 in
1097 4687 1220 4743 Malland
1239 4685 1393 4755 bestimmt,
1425 4685 1481 4741 und
1498 4685 1534 4742 ist

236 4775 296 4816 von
314 4762 392 4818 einer
408 4765 476 4822 sehr
493 4768 572 4825 alten
590 4769 638 4827 lis.
657 4774 888 4849 abgeschricben,
906 4775 963 4832 wie
981 4776 1026 4832 dic
1043 4773 1265 4850 Spraclliormen
1282 4773 1436 4851 temonem.
