3332 5318
316 789 400 862 766.
436 781 537 858 Aoae
565 791 599 854 et
625 779 800 851 sociarum
827 771 911 871 ejus.
953 749 1144 866 sequentia.

86 1080 217 1145 Gloriam
240 1075 303 1138 deo

86 1183 162 1267 patri
184 1194 335 1246 canamus

87 1295 115 1350 et
135 1286 212 1366 filio,
241 1287 353 1346 sancto
376 1274 551 1362 paraclito,

88 1448 139 1525 Qui
156 1449 201 1511 'ab
225 1462 302 1508 arce
324 1439 441 1524 patris,
561 1487 564 1490 .
682 1432 701 1492 5

89 1553 161 1614 deus
184 1565 323 1614 summus
346 1553 379 1608 et
399 1540 540 1618 humilis,

87 1717 196 1780 llissus
219 1711 309 1776 venit
329 1695 435 1787 mitis,

88 1820 201 1882 intrans
224 1824 350 1881 uterum
374 1809 526 1891 virginiS,

90 1981 128 2047 Ut
148 1987 339 2064 peccatores
363 1979 494 2038 sanaret

91 2093 121 2148 ct
137 2084 240 2167 justos
262 2083 408 2159 faceret,

91 2197 122 2250 ut
143 2187 308 2268 dispersos
332 2183 566 2262 congregaret,

93 2292 225 2355 liberans
247 2286 404 2373 perditos

94 2425 252 2532 Quosdam
273 2451 374 2532 elegit

95 2558 192 2640 plebis
210 2559 370 2624 'doctores
414 2619 417 2622 ,
697 2600 699 2608 .

96 2661 261 2741 praefectos
277 2664 310 2721 et
324 2655 473 2722 ecclesiae
489 2657 648 2735 pastoreS,
674 2648 713 2708 15

97 2820 197 2884 Variis
220 2819 323 2902 signis

99 2931 128 2986 et
150 2921 347 2987 documentis

99 3027 197 3090 multis
211 3025 265 3108 qui
277 3027 508 3088 converterent
517 3023 716 3100 peccatores,

104 3188 291 3254 Promittens
314 3185 442 3249 veniam
465 3190 498 3245 et
519 3182 619 3244 vitam

104 3294 303 3358 credentibus
326 3291 358 3352 in
381 3307 416 3351 se
439 3285 633 3364 hominibuS,
677 3281 718 3343 20

103 3456 142 3522 Ut
160 3458 252 3542 regni
276 3454 429 3520 concives
453 3449 593 3516 coelestis
634 3519 635 3522 Ἴ

104 3564 272 3646 participes
297 3565 407 3622 essent
430 3563 463 3619 et
486 3560 662 3620 consortes

106 3725 277 3792 Peccantes
300 3723 435 3808 puniens
459 3719 691 3800 delinquentes,

105 3831 283 3912 corrigenS,
307 3825 482 3890 emundans
505 3823 708 3905 poenitentes,

107 3942 248 3997 errantes
272 3930 491 3996 condemnans
499 3975 508 4009 ,
683 3924 724 3984 25

109 4034 217 4099 fideles
240 4052 387 4118 quosque

110 4147 140 4201 et
155 4139 262 4222 justos
286 4136 480 4202 salvificans.

112 4299 168 4376 oui
189 4303 290 4385 signis
312 4303 472 4385 reprobos
496 4305 529 4362 et
547 4295 703 4379 exemplis

112 4405 258 4470 virtutum
281 4404 443 4468 miraculis
465 4401 630 4482 instruxit,

113 4510 325 4590 perverbum
349 4505 460 4570 salutis

115 4617 145 4672 et
165 4611 310 4686 veritatis

114 4709 293 4778 incredulos
318 4712 468 4778 correxit.

750 1059 799 1123 De
823 1074 956 1139 quorum
986 1048 1126 1130 collegio

753 1163 921 1229 confessor
945 1156 1046 1221 alrnus
1068 1151 1240 1216 Narcissus

752 1262 874 1348 praesul
898 1258 1029 1337 claruit3
1338 1247 1379 1309 35

753 1428 938 1511 Augustam
962 1423 1016 1505 qni
1039 1419 1118 1484 adiit

756 1533 798 1597 ad
821 1531 947 1594 domum
969 1527 1125 1607 ignorans
1148 1517 1243 1583 Afrae

757 1647 789 1701 ct
811 1631 964 1700 introivit.

757 1797 805 1864 At
825 1799 882 1862 illa
904 1735 1051 1877 gaudeds

758 1919 820 1988 pro
844 1908 988 1964 amatore
1343 1885 1384 1946 40

762 2007 898 2070 electum
920 2000 1094 2086 praesulem
1117 1995 1278 2077 suscepit,

763 2168 917 2234 Sanctum
941 2179 1157 2253 cognoscem,

762 2275 896 2358 plorans
919 2278 952 2334 et
975 2286 1109 2351 gemens

766 2378 837 2462 ejus
859 2374 997 2459 pedibus
1021 2391 1056 2434 se
1079 2365 1268 2453 prostravit.

766 2557 814 2625 At
836 2556 982 2642 pontifex
1002 2560 1038 2617 ut
1059 2547 1221 2635 percepit,
1349 2541 1389 2602 45

770 2662 898 2726 domino
921 2676 981 2742 pro
1004 2657 1061 2719 ille
1083 2669 1200 2737 precer
1223 2647 1318 2724 fudit,

768 2843 805 2907 ln
831 2839 895 2904 fide
920 2855 1015 2901 sacra
1038 2830 1206 2910 instruxit,

770 2970 840 3014 earn
864 2962 958 3010 sacro
982 2943 1070 3007 fonte
1094 2945 1128 3002 et
1150 2933 1260 3000 abluit.

771 3130 850 3195 Post
869 3129 946 3201 -haec
967 3119 1052 3187 Afra
1075 3115 1252 3200 exquiritur

773 3233 876 3310 minis,
901 3225 1080 3292 terroribus
1091 3269 1100 3304 ,
1357 3210 1397 3272 50
1433 3245 1436 3252 =

774 3334 857 3399 dolis
882 3334 1071 3403 attentatur,

776 3435 981 3503 christianam
1005 3445 1078 3489 sese
1101 3424 1312 3505 protestatur.

777 3616 833 3684 Ad
855 3613 944 3678 idola
967 3596 1185 3690 compellitur,
1245 3637 1247 3641 ,

777 3721 885 3782 vincta
909 3711 1092 3789 adducitur,

773 3821 877 3906 judici
899 3820 1131 3902 praesentatur,
1361 3798 1403 3859 55

780 3924 942 3990 Christum
969 3916 1068 3983 corde
1092 3919 1125 3976 et
1148 3895 1204 3975 ore
1226 3908 1355 3971 latetur.

780 4105 914 4188 ignibus
937 4098 1014 4161 viva
1037 4094 1155 4170 datur,

781 4205 916 4272 flammis
940 4201 1086 4266 exuritur

784 4313 893 4392 sicque
916 4314 1042 4387 martyr
1062 4298 1209 4364 efficitur.

690 4500 731 4561 30
785 4493 941 4578 Spiritum
964 4485 1047 4551 coelo
1070 4478 1228 4559 reddens,
1370 4469 1410 4530 66

788 4599 883 4663 deum
904 4590 1100 4659 benedicens

789 4708 911 4765 aeterna
934 4694 1020 4759 dona
1042 4685 1196 4774 possidet.
