3294 5322
228 307 295 374 ⁴8⁰

228 492 273 561 Ut
295 469 436 558 amemus
460 509 589 576 semper
611 488 773 554 Christum
904 483 1011 570 Ergo,
1033 493 1129 570 pater
1136 485 1210 568 ,de
1232 484 1395 572 profundo

228 605 262 663 et
283 614 474 682 spernamus
497 594 648 660 mundum
669 592 764 657 istum
905 589 1013 654 cordis
1024 603 1097 656 'uec
1118 608 1184 678 non
1207 609 1265 656 ore
1288 591 1406 658 mundo

260 679 350 765 'cum'
366 697 433 762 suis
455 695 635 776 blanditiis,
812 693 851 755 15
947 701 981 758 te
1003 710 1156 776 rogamus
1178 694 1304 776 intime,

227 802 318 867 virus
341 799 675 866 carnis-conteramus
903 803 939 861 ut
960 803 993 860 te
1011 797 1103 861 nobis
1125 803 1346 881 protectorem

228 912 439 986 satanamque
462 909 706 986 prosternamus
903 900 1054 982 praebeas
1077 906 1112 963 et
1134 899 1358 982 defensorem,

272 1027 344 1073 cum
366 1006 432 1073 suis
454 1003 599 1072 fallaciis.
947 1008 1073 1083 martyr
1090 1001 1312 1068 invictissime.

227 1195 309 1264 Dele
332 1195 474 1279 culpam,
498 1191 540 1256 da
563 1189 729 1271 virtutem,
903 1191 1083 1276 Impetrare
1106 1194 1200 1259 nobis
1223 1195 1321 1278 velis,

226 1300 314 1383 pelle
337 1300 500 1378 morbum,
526 1293 568 1358 da
591 1293 742 1374 salutem,
809 1293 851 1355 20
903 1315 945 1358 ne
966 1313 1026 1359 nos
1049 1303 1142 1360 satan
1165 1297 1231 1361 suis
1254 1298 1327 1362 telis

182 1395 185 1400 ’
270 1419 393 1484 pravos
416 1417 524 1463 mores
547 1398 696 1480 corrige;
815 1457 818 1462 .
946 1397 1117 1481 perforare
1139 1400 1267 1482 valeat,

211 1504 303 1570 'leva
324 1504 451 1588 lapsos,
474 1510 550 1566 tene
572 1506 695 1564 stantes
903 1502 963 1568 sed
986 1504 1013 1568 si
1036 1511 1139 1569 tentet
1161 1505 1204 1569 ad
1228 1504 1393 1588 delictum,

228 1614 262 1673 et
284 1607 433 1673 conforta
456 1604 647 1671 vacillantes
902 1622 963 1669 nos
987 1606 1130 1670 victores
1155 1613 1246 1670 etse
1269 1607 1389 1672 victum

271 1717 483 1791 errantesque
506 1709 621 1792 dirige.
730 1769 735 1778 ,
946 1708 979 1772 in
1002 1715 1159 1772 eternum
1182 1708 1300 1774 doleat.

226 1899 427 1966 Praedicator
449 1894 615 1976 veritatis,
809 1893 850 1955 25
902 1896 972 1962 Pro¹
991 1897 1103 1962 amicis
1126 1899 1248 1962 nostris
1270 1899 1394 1966 cunctis

227 2003 283 2085 qui
305 2000 457 2065 doctores
480 1996 630 2060 falsitatis
766 1993 768 1998 ’
903 1998 1010 2068 adbuc
1023 1993 1117 2064 'vivis
1142 2008 1175 2065 et
1197 2001 1357 2072 defunctis

271 2103 467 2170 convincens
489 2100 662 2164 haereticos
860 2167 863 2174 ,
946 2121 1100 2185 rogamus
1122 2105 1327 2188 suppliciter,

226 2212 313 2276 viam
336 2210 413 2272 vitae
437 2206 574 2273 docuisti
903 2214 939 2273 ut
959 2207 1109 2270 viventes
1133 2206 1289 2272 custodiri

227 2324 261 2379 et
281 2315 315 2378 in
337 2311 404 2399 lide
425 2311 507 2378 Jesu
531 2308 651 2374 Christi
903 2318 937 2375 et
959 2311 1128 2404 deiunctos
1150 2330 1215 2378 non
1237 2301 1343 2398 puniri

269 2414 416 2480 formasti
439 2413 628 2479 catholicos.
685 2451 689 2457 -
807 2411 849 2476 30
945 2433 1103 2499 procures
1127 2419 1323 2500 perenniter.

225 2607 366 2691 Propter
388 2604 476 2690 quod
494 2626 557 2691 per
579 2603 682 2670 diram
704 2612 841 2671 mortem
903 2600 1055 2668 Ordinem
1076 2603 1327 2687 praedicatorum

226 2709 374 2776 Christus
396 2710 475 2776 iecit
497 2717 530 2774 te
553 2715 735 2775 consortem
765 2700 769 2708 ’
902 2708 943 2772 ab
964 2707 998 2770 in
1021 2725 1117 2772 cursu
1139 2708 1353 2792 malignorum

270 2831 484 2897 supernorum
506 2812 624 2887 civium
946 2807 1129 2876 demonum
1152 2820 1185 2877 et
1208 2811 1370 2879 hominum

226 2915 315 2980 etin
337 2931 441 2996 regno
465 2913 620 2979 claritatis
902 2910 957 2979 bic
980 2920 1071 2978 tuere
1093 2922 1127 2979 et
1149 2916 1287 2980 emenda

225 3019 284 3085 tibi
307 3016 397 3082 dedit
419 3036 491 3082 cum
513 3020 618 3083 beatis
788 3017 849 3079 ab
902 3023 1021 3081 statum
1043 3017 1114 3102 ejus
1139 3025 1173 3082 et
1197 3019 1388 3085 commenda

270 3118 500 3203 sempiternum
522 3118 683 3202 gaudium.
947 3139 1076 3204 semper
1099 3121 1186 3206 apud
1208 3121 1378 3188 dominum.
1486 3123 1524 3185 so

313 3302 361 3360 lls.
381 3301 504 3357 ehemals
523 3293 558 3355 uu
575 3300 736 3356 Amorbach
755 3315 812 3378 von
831 3301 909 3355 1456.
937 3361 939 3368 ‚

313 3442 331 3497 ti
349 3441 436 3498 Theb.
454 3439 503 3497 thr
520 3441 655 3512 Aegypti.
673 3440 779 3495 Νο.30.
792 3441 835 3495 31.
852 3440 1023 3510 Νο.613,10.
1043 3444 1077 3496 14
1091 3458 1262 3514 spernemus,
1280 3443 1327 3498 lis.
1361 3442 1397 3498 38
1411 3444 1467 3514 cri,
1480 3442 1524 3499 ils.

493 3741 495 3746 '
541 3671 650 3801 1125.
689 3725 734 3797 ln
759 3723 902 3798 lectos.
930 3727 1032 3800 Petri
1058 3733 1229 3832 martyris.

236 3930 280 3995 od
302 3946 451 4012 vesperos
473 3946 568 4011 super
585 3931 727 4011 psalmes
747 3933 832 3998 catt-
856 3929 859 3935 '
1093 3943 1337 4044 responsorem

476 4031 591 4114 Pluma·
900 4119 983 4186 Dum
1006 4119 1195 4204 Sampsonis
1217 4119 1335 4204 vulpes
1358 4121 1485 4204 quaerit,

943 4226 985 4290 ab
1007 4224 1123 4306 iniquis
1145 4221 1280 4306 emitur,

900 4333 998 4412 caput
1018 4345 1146 4392 sacrum
1168 4327 1264 4392 lictor
1286 4327 1376 4409 ierit,

939 4431 1020 4516 justi
1043 4430 1175 4511 sanguis
1198 4427 1360 4511 funditur,
1482 4425 1519 4488 lb

900 4535 948 4624 sic
969 4534 1121 4617 triumphi
1142 4533 1282 4618 palmam
1305 4534 1406 4614 gerit,

944 4637 1018 4703 dum
1040 4655 1102 4721 pro
1124 4636 1190 4701 tide
1213 4636 1357 4700 moritur.

225 4166 415 4232 Oollaetetur
438 4175 533 4238 turba
554 4173 697 4240 fidelium

223 4271 449 4353 triumphantis
473 4275 605 4342 athletae
628 4277 764 4359 gaudio,

225 4375 279 4456 qni
302 4392 500 4442 conservans
523 4379 656 4463 pudoris
677 4359 777 4446 lilium

220 4485 259 4542 et
282 4495 458 4546 coruscans
482 4481 639 4547 doctrinae
661 4481 754 4548 radio

223 4580 299 4648 dum
321 4601 381 4666 pro
405 4584 471 4648 tide
495 4586 580 4650 subit
602 4585 802 4670 martyrium,
826 4589 846 4650 5

137 4727 149 4752 .
223 4684 308 4749 trino
330 4685 408 4749 felix
430 4684 552 4768 potitur
574 4686 699 4751 bravio.
