3310 5316
232 321 298 394 22*

232 511 353 581 Adhuc
374 506 480 574 iulans
500 505 670 572 nutriculae
954 501 1008 586 qui
1030 499 1248 570 inobedientia

233 635 302 682 suae
324 627 512 696 compassus
533 608 643 672 intime
814 606 855 670 10
954 612 1109 690 expertus
1132 613 1183 670 est
1204 604 1378 688 miracula,

275 733 351 799 vas,
375 713 463 798 quod
485 713 613 779 incaute
635 711 791 806 fregerat,

276 817 441 902 extemplo
462 815 516 881 hic
536 814 701 880 resolidet.
910 793 991 863 cum
1014 796 1056 860 ad
1077 794 1181 880 patris
1202 796 1369 882 imperium
1494 793 1536 856 25

909 919 986 967 mcx
1008 900 1200 968 elementum
1223 899 1379 984 liquidum

233 1008 353 1092 Igitur,
375 1026 418 1072 ne
440 1005 488 1069 sic
508 1009 624 1088 percat
730 1035 746 1087 .'
954 1011 1181 1068 transcurrens
1202 1003 1294 1068 volnt
1315 1000 1456 1068 solidum

232 1110 399 1192 laudibus,
422 1107 633 1175 abrenuntiat
953 1125 1157 1192 mersumque
1179 1109 1278 1174 traxit
1299 1105 1475 1174 Placidum.

276 1210 348 1296 ejus
370 1209 471 1274 natali
492 1209 627 1292 patriae,
816 1204 856 1266 15
1245 1251 1249 1262 ,
1301 1272 1303 1280 y

163 1347 166 1352 ·
274 1314 448 1379 hapffitffl
470 1329 506 1376 ω
529 1311 655 1394 gratiae,
909 1291 1003 1361 Nunc
1025 1301 1154 1379 patrum
1176 1312 1315 1361 concers
1338 1294 1453 1361 concio

604 1479 606 1486 Ι
911 1398 1030 1464 devote
1052 1397 1164 1462 laudet
1185 1397 1290 1477 adeo,
1495 1395 1539 1458 ³⁰

231 1493 285 1572 Nil
307 1505 391 1571 scire
415 1503 537 1569 ducens
560 1499 762 1567 commodum
954 1509 989 1567 nt
1011 1503 1162 1594 impetret
1183 1521 1204 1566 a
1225 1501 1373 1582 duisino,

231 1611 294 1674 nisi
317 1609 422 1675 erucis
445 1607 647 1691 mysterium,
955 1604 1023 1687 puli
1045 1621 1106 1668 nos
1123 1603 1220 1688 jungi
1241 1597 1370 1686 gandia
1440 1605 1468 1694 U'

276 1709 494 1795 philosophiae
516 1707 640 1791 respuit
1412 1731 1417 1738 ·

260 1813 550 1895 ‘argumenta‘nec
565 1809 692 1892 didicit.
815 1804 857 1872 20
913 1790 1056 1873 [¹²mesta
1078 1793 1177 1858 blial&
1195 1791 1378 1874 mimi·

911 1892 1055 1957 ccncede
1077 1892 1215 1974 simplex
1236 1893 1382 1976 unitas,v
1481 1944 1484 1950 .

233 2001 324 2086 Ergo
346 2001 480 2068 Maurus
502 2000 643 2081 vestigia
952 2004 989 2062 ut
1010 1997 1177 2062 fructuosa
1198 1997 1264 2060 sint
1283 1997 1349 2061 tuis
1497 1998 1537 2078 35

234 2104 383 2187 magistri
405 2119 545 2184 sequens
568 2099 688 2182 ardua,
798 2149 801 2156 a
949 2099 1150 2184 jejunierum
1171 2097 1333 2181 munera]

195 2293 199 2300 ’
322 2308 380 2360 Ans
398 2303 549 2360 desselben
566 2305 613 2360 lls
632 2301 718 2360 Ill-5.
736 2303 788 2358 nuit
803 2301 855 2356 der
872 2300 1016 2356 llelcdie.⁴
1035 2302 1191 2358 [lieletate
1209 2303 1336 2374 Strcphe
1354 2305 1393 2361 ist
1410 2319 1464 2362 sus
1477 2306 1540 2362 dem

235 2393 363 2465 Hymnus
380 2393 491 2466 Gregcr
504 2394 531 2450 d.
544 2393 591 2450 Gr.
609 2393 664 2448 Nc.
678 2392 714 2448 13
732 2391 859 2449 entlelrnt
877 2389 935 2445 und
952 2389 1057 2461 gehirt
1074 2391 1150 2450 nicht
1168 2390 1274 2462 hiehcr,
1291 2391 1327 2446 da
1340 2391 1385 2448 dis
1399 2394 1541 2452 verletats

236 2483 317 2538 einen
335 2488 422 2555 guten
439 2482 556 2540 Sallues
575 2481 670 2538 bildet

324 2607 358 2662 12
376 2603 518 2674 resclitat,
536 2603 584 2660 lla.
621 2604 656 2658 11
673 2600 828 2668 renuntiat,
847 2599 894 2656 lla.

477 2968 482 2976 ,
523 2943 526 2948 -
652 2889 740 2962 837.
778 2889 839 2960 De
866 2914 894 2960 s.
917 2885 1121 2960 Benedicta.
1172 2902 1189 2932 ·

237 3105 295 3172 Ad
316 3105 445 3171 laudem
463 3105 580 3170 summi
600 3107 757 3190 principis
918 3115 1015 3190 atque
1037 3116 1140 3184 mater
1160 3110 1302 3180 ecclesia
1501 3115 1541 3177 15

237 3210 565 3294 hymnum-canamus
592 3209 690 3274 hodie
917 3233 988 3279 cum
1010 3212 1156 3280 Romano
1179 3216 1323 3301 imperio.

239 3321 338 3397 atque
359 3313 475 3378 Mariae
497 3313 633 3396 virginis
1266 3371 1272 3383 ,

237 3418 349 3482 matri,
366 3415 607 3482 mpefioofffiae,
732 3425 737 3434 ·
918 3401 1068 3468 Gaudent
1090 3405 1194 3469 sancti
1216 3402 1423 3486 archangeli
1448 3405 1451 3414 '

917 3504 959 3570 (le
981 3504 1151 3573 Benedicti
1172 3509 1286 3573 ordine

238 3604 434 3672 Benedictus
456 3629 477 3674 a
499 3608 646 3692 domino,
840 3613 863 3674 ὃ
917 3615 952 3679 et
972 3609 1117 3676 universi
1138 3610 1248 3693 angeli

238 3709 303 3774 dac
326 3720 420 3795 patre
447 3721 481 3780 et
502 3715 569 3779 lilia
913 3711 1068 3786 caelestes
1090 3713 1161 3776 sine
1184 3714 1325 3778 crimine.
1501 3716 1544 3780 ²0

235 3818 339 3896 =atque
361 3819 474 3879 sancte
497 3816 656 3904 paraclito

239 3915 364 3997 gaudet
386 3923 509 3982 aetemo
527 3917 643 4001 jubilo,
919 3900 1069 3965 Gaudent
1091 3901 1195 3966 sancti
1216 3901 1370 3998 apostoli,
1460 3895 1463 3898 ’

311 4016 314 4021 ’
692 4003 695 4010 ’
733 4003 736 4009 ’
919 4003 1124 4069 confessores
1146 4005 1181 4068 'et
1201 4004 1346 4085 virgines
1399 4011 1403 4017 '

245 4103 373 4169 Gaudet
395 4104 503 4172 divina
525 4106 651 4174 trinitas
919 4104 961 4169 de
981 4107 1100 4191 regula
1122 4107 1313 4172 sanctissimi

243 4207 285 4272 de
307 4207 486 4275 Benedictc
507 4211 604 4277 hodia
822 4215 865 4283 tc
918 4206 1087 4274 Benedicti
1109 4216 1142 4273 et
1163 4210 1308 4292 virginit·

243 4317 339 4393 atquc
363 4311 482 4379 Christi
503 4315 684 4382 humanitas

243 4426 403 4502 concepta
425 4420 493 4484 sine
514 4421 646 4488 semina.
923 4396 1051 4464 Gaudet
1073 4405 1142 4462 l⁰l³
1162 4397 1258 4465 111111
1409 4435 1411 4440 ·
1496 4399 1545 4474 25

919 4520 991 4567 cum
1014 4502 1099 4568 omni
1121 4520 1180 4568 suc
1202 4502 1324 4587 populu

240 4603 369 4670 'Gaudet
392 4608 534 4674 coelestis
555 4611 646 4676 curia
796 4668 800 4676 ,
919 4611 1016 4686 alque
1040 4601 1146 4672 fidelis
1167 4605 1286 4672 Nursia

245 4704 287 4770 de
307 4706 485 4776 Benedicta
507 4711 628 4778 famulo
920 4705 962 4772 dc
985 4725 1044 4778 suc
1065 4711 1291 4795 primogenita.
