3332 5318
233 315 297 382 170

231 508 261 570 5.
293 504 395 582 Quam
418 502 459 566 de
482 502 550 565 luto
574 508 732 584 sumptam
974 499 1154 582 virginibus
1175 500 1254 566 lecit
1276 501 1398 566 habere

298 607 444 673 coelestia
466 605 544 669 iecit
566 604 695 670 calcare
972 603 1068 685 regni
1090 602 1260 667 consortia.

298 708 436 794 pedibus
458 706 539 786 lilia,

909 794 938 856 6.
969 791 1072 875 Hujus
1095 795 1228 857 obtentu
1249 801 1362 858 nostra

296 896 338 962 Et
361 917 432 963 otnn
456 895 634 961 candidulis
974 900 1083 975 tergat
1105 895 1177 978 pius
1200 895 1326 960 delicta.

298 1177 301 1184 ,
322 1117 369 1170 Hs.
388 1117 438 1171 des
458 1118 491 1170 12
509 1114 607 1169 Jahrh.
628 1114 665 1168 im
686 1112 858 1167 Karlsruher
876 1110 989 1166 Archiv.

321 1238 338 1290 9
356 1237 488 1303 dexterae,
508 1237 555 1291 lis.
593 1239 626 1291 15
645 1237 737 1291 dieser
755 1237 827 1291 Vers
845 1236 935 1292 bildet
953 1237 1033 1290 einen
1052 1203 1158 1292 Absatn
1177 1236 1204 1290 in
1224 1237 1274 1291 der
1292 1237 1339 1290 lls.

704 1591 791 1665 765.
824 1592 882 1662 De
910 1618 936 1662 s.
968 1588 1072 1663 Afra.

235 1847 349 1912 Gaude
373 1849 487 1914 civitas
510 1841 676 1931 Angusta,
912 1847 993 1911 Mox
1015 1848 1047 1910 in
1068 1846 1133 1910 fide
1158 1847 1346 1912 confortatis
1448 1885 1450 1888 -

234 1951 337 2015 redde
361 1952 424 2016 deo
447 1959 524 2017 vota
542 1953 652 2036 justa,
914 1949 1062 2014 affinibus
1088 1957 1120 2013 et
1143 1951 1289 2032 cognatis

235 2075 255 2118 a
279 2073 342 2137 qno
366 2063 439 2120 tuus
463 2056 504 2120 ad
529 2058 699 2121 lamissus
912 2060 1049 2136 propter
1071 2053 1167 2118 fidem
1191 2055 1434 2138 comprehensae

235 2164 288 2220 est
310 2158 476 2240 apostolus
499 2153 680 2223 Narcissus.
914 2157 1053 2238 quinque
1077 2157 1164 2221 vivae
1186 2166 1260 2222 sunt
1282 2159 1432 2222 incensae.
1497 2163 1539 2224 20

234 2373 406 2438 Narcissus
428 2377 533 2458 primo
556 2377 734 2461 plantavit,
840 2378 859 2438 5
913 2369 999 2436 Afra
1022 2375 1114 2441 simul
1137 2383 1170 2439 et
1192 2385 1360 2440 consortes

235 2475 409 2560 Dionysius
432 2479 567 2561 rigavit,
914 2481 1001 2539 stent
1022 2494 1082 2559 pro
1105 2477 1198 2541 nobis
1220 2497 1320 2560 prece
1342 2479 1459 2562 fortes,

238 2579 318 2644 dens
342 2580 431 2646 dedit
452 2584 699 2664 incrementum,
914 2585 950 2642 ut
972 2587 1006 2643 et
1024 2580 1117 2644 nobis
1140 2583 1330 2666 expurgatis

237 2681 384 2750 Christus
408 2695 515 2750 manet
538 2687 786 2753 fundamentum.
916 2682 957 2745 sit
978 2684 1087 2766 portio
1109 2704 1180 2748 cum
1202 2687 1315 2752 beatis.

238 2899 307 2966 Sub
330 2901 484 2966 Narcisso
507 2902 661 2986 pontifice
915 2896 942 2962 0
966 2897 1119 2963 Narcisse
1141 2918 1212 2964 cnm
1235 2897 1362 2982 Felice,
1500 2903 1541 2964 25

239 3009 273 3066 et
296 3002 433 3068 diacono
456 3005 568 3069 Felice
822 3007 863 3070 1o
916 3009 967 3065 sta
988 3021 1049 3085 pro
1072 3004 1166 3067 nobis
1190 3004 1275 3066 omni
1297 3003 1370 3068 vice

238 3104 343 3168 credit
365 3102 450 3170 Afra
472 3126 543 3170 cnm
565 3107 682 3190 puellis
916 3111 949 3166 et
970 3120 1031 3186 pro
1054 3111 1166 3168 nostra
1190 3105 1320 3170 civitate

237 3214 271 3270 et
294 3206 417 3272 Hilaria
440 3228 511 3275 cnm
534 3209 605 3274 illis.
917 3213 950 3268 et
971 3224 1032 3289 pro
1056 3207 1179 3270 cunctis
1202 3207 1402 3290 supplicate!

238 3419 372 3486 Daemon
396 3424 514 3487 clamat
537 3430 571 3487 et
593 3424 725 3506 insanit,
915 3422 1041 3488 Praesta
1064 3431 1159 3506 pater
1181 3431 1214 3487 et
1235 3431 1391 3507 patrone,

235 3521 320 3587 Afra
343 3532 467 3608 stupet,
488 3528 611 3610 praesul
633 3527 733 3608 canit,
755 3571 762 3580 -
915 3534 1037 3608 praesta
1060 3525 1121 3602 lili,
1144 3533 1257 3608 pastor
1280 3529 1380 3607 bone,
1499 3529 1541 3591 30

237 3634 309 3690 orat
332 3629 453 3710 praesul
476 3629 683 3710 christianus,
823 3631 862 3691 15
914 3637 1037 3713 praesta
1060 3631 1192 3713 spiritus
1216 3632 1381 3695 amborum

236 3727 320 3808 fugit
343 3736 474 3792 satanas
496 3730 662 3811 profanus.
914 3733 1103 3797 medicinam
1125 3740 1341 3816 peccatorum.

325 3945 373 3998 nr.
392 3945 446 4000 nt.
465 3946 500 3998 tc
518 3963 552 3999 zu
570 3915 724 4018 Freiburg,
749 3951 781 4002 15
801 3950 899 4004 Janrn.
920 3923 987 4020 Ι(Α).
1023 3953 1070 4005 ns.
1090 3969 1124 4006 rr
1142 3953 1288 4023 stuttgart
1306 3953 1391 4008 nrrv.
1410 3951 1462 4006 tvo.
1484 3953 1543 4006 101.

239 4028 320 4085 116.
346 4035 379 4084 15
396 4031 497 4086 Jahrh.
529 4033 591 4103 (Β).
640 4035 688 4090 lls.
712 4051 769 4090 von
787 4036 815 4092 S.
834 4038 918 4093 Peter
936 4034 988 4093 No.
1008 4041 1042 4092 16
1069 4055 1103 4094 zu
1122 4039 1292 4109 Karlsruhe,
1317 4043 1351 4094 15
1370 4039 1469 4096 Jahrlr.
1492 4041 1546 4095 mit

238 4122 289 4177 der
307 4121 427 4177 hlelodie
447 4123 508 4192 (C).
545 4124 595 4178 Bei
613 4125 694 4181 Betel
709 4123 729 4180 1.
749 4127 783 4180 18
800 4127 865 4197 (1)).

328 4281 555 4338 2votadeoG.
592 4283 928 4352 epternachon.
964 4287 1161 4342 5-8stehen
1180 4287 1207 4341 in
1228 4287 1248 4344 C
1268 4289 1340 4342 nach
1358 4291 1399 4343 12.
1436 4291 1544 4346 8man.

239 4368 288 4424 Oh.
308 4370 342 4422 A.
397 4370 431 4422 10
458 4385 492 4423 ac
519 4370 547 4425 (1.
594 4373 627 4425 13
655 4371 690 4425 cl.
717 4373 798 4428 daem.
824 4375 854 4430 G.
898 4376 1012 4428 13-16
1037 4376 1134 4429 slehen
1159 4375 1187 4429 in
1207 4377 1228 4432 G
1247 4376 1318 4430 nach
1336 4377 1379 4430 20.
1426 4379 1460 4430 11
1479 4383 1548 4432 orat

238 4455 346 4526 praesul
371 4460 486 4525 stupens
511 4458 586 4514 canit
610 4459 639 4514 0.
694 4462 727 4513 15
751 4461 826 4516 canit
852 4463 884 4515 l).
939 4463 971 4514 17
995 4462 1046 4516 sed
1070 4460 1090 4516 f.
1115 4478 1180 4516 mox
1205 4463 1234 4517 0.
1291 4464 1325 4518 18
1350 4480 1368 4518 a
1393 4461 1495 4531 finibus
1513 4466 1547 4521 0.

239 4544 273 4596 19
292 4542 528 4612 comprehendere
547 4547 584 4614 B,
613 4545 671 4600 illae
690 4547 772 4602 simul
790 4563 879 4619 comp.
898 4547 951 4605 OD.
996 4551 1032 4603 20
1049 4565 1176 4605 accensae
1194 4551 1225 4604 D.
1261 4553 1380 4607 21-28
1399 4550 1495 4607 fehlen
1514 4553 1547 4609 G.

238 4633 273 4683 23
292 4630 413 4700 expiatis
431 4632 461 4685 B.
506 4633 623 4686 25-28
647 4630 742 4689 lehlen
761 4635 791 4688 B.
841 4637 877 4689 26
895 4651 948 4690 vos
967 4633 986 4689 1.
1005 4642 1051 4692 sta
1069 4637 1099 4691 l).
1148 4641 1184 4692 27
1203 4638 1345 4708 pravitate
1366 4640 1395 4694 1).
1444 4641 1480 4694 28
1499 4657 1550 4695 ex-

238 4728 319 4778 orate
337 4725 368 4777 l).
405 4723 441 4778 30
460 4723 543 4778 simul
562 4721 580 4779 1.
600 4721 642 4778 lili
659 4725 690 4782 G.
726 4727 761 4780 32
778 4727 914 4782 medicina
933 4727 963 4781 l).
