3308 5310
503 771 594 846 653.
628 769 687 842 Ile
713 796 741 840 s
767 765 1134 866 ,101111111111111111111

228 1002 357 1084 Gaude,
381 1010 412 1064 te
436 1001 622 1083 priusquam
644 1005 753 1061 natum
901 993 1027 1077 gaude,
1050 1014 1123 1058 nam
1147 993 1188 1058 de
1212 1001 1244 1058 te
1267 1001 1418 1076 testatur,
1486 997 1527 1058 10

226 1106 326 1170 fuisse
349 1104 612 1186 praenuntiatum,
903 1095 989 1178 quod
1010 1113 1075 1159 non
1100 1095 1206 1179 major
1229 1095 1351 1159 oriatur

270 1206 450 1286 lohannes,
474 1204 640 1285 divinitus,
945 1200 1029 1262 inter
1051 1207 1144 1263 natos
1166 1199 1336 1262 hominnm.

226 1305 350 1388 gaude,
363 1305 461 1387 'quod
484 1314 518 1368 tu
540 1304 644 1387 major
667 1309 775 1366 vatum
1416 1347 1420 1357 ,

227 1407 280 1471 dei
301 1409 404 1492 patris
427 1409 526 1472 sentis
546 1415 655 1472 natum
679 1384 682 1392 Ἰ
829 1407 848 1464 5
903 1386 1016 1450 (11110
1038 1394 1162 1469 martyr
1186 1387 1386 1469 9111011181

268 1511 379 1576 matris
402 1511 476 1573 alvo
499 1511 633 1592 pomus,
901 1488 997 1553 modo
1019 1507 1162 1571 regnans
1185 1491 1217 1553 in
1238 1509 1403 1574 superna·

945 1591 1069 1655 coelesti
1088 1589 1284 1672 hierarohta3
1375 1643 1380 1655 .
1485 1595 1525 1658 15

227 1697 356 1779 Gaude,
381 1699 455 1780 qnia
477 1697 661 1780 baptizatur
899 1697 953 1760 fao
974 1693 1028 1760 hio
1051 1695 1140 1758 vivat
1163 1703 1236 1760 tuns
1258 1715 1362 1758 verna

227 1808 301 1865 ate
324 1799 471 1864 Christus
495 1807 527 1862 et
549 1805 746 1862 monstratur
900 1800 960 1880 sio,
983 1807 1018 1862 nt
1039 1799 1105 1862 illio
1129 1799 1324 1880 sempiterna

270 1903 458 1968 emendator
481 1903 659 1984 criminum,
941 1901 1126 1985 perfruatur
1149 1901 1265 1984 gloria.

313 2086 504 2142 Reiohenauer
522 2088 569 2140 Hs.
588 2086 639 2140 No.
659 2087 702 2140 36.
721 2086 763 2140 Bl.
774 2052 842 2140 ¹203.

314 2209 347 2262 V.
368 2210 409 2262 13.
435 2207 551 2262 lucerna
569 2207 612 2261 ist'
624 2207 669 2261 die
687 2208 855 2278 Auslegung
881 2223 936 2261 von
955 2207 1020 2262 doh.
1040 2210 1064 2275 1,
1083 2211 1107 2260 7.
1127 2207 1155 2260 8.
1191 2205 1278 2262 Wird
1295 2205 1451 2261 manchmal
1468 2221 1527 2261 von

225 2297 369 2352 lohannes
387 2295 552 2366 gebraucht.
584 2297 635 2349 No.
653 2297 720 2362 652,
739 2296 781 2349 81,
807 2295 859 2348 Νο.
878 2296 945 2363 650,
964 2297 988 2349 7.
1024 2292 1155 2362 ὀλύχνος
1174 2293 1223 2349 τοῦ
1240 2292 1331 2365 φωτὸς
1349 2296 1525 2370 προέρχεται,

224 2380 243 2451 ἦ
261 2378 330 2454 αὐγὴ
349 2381 398 2437 τοῦ
413 2378 490 2452 ἡλίου
508 2381 556 2452 τῆς
574 2379 744 2451 δικαιοσύνης
761 2379 854 2452 μηνύει
872 2380 919 2452 τὴν
937 2382 1046 2437 Hennes.
1072 2382 1134 2442 dun.
1152 2383 1195 2436 ut.

312 2503 365 2558 Ein
382 2503 450 2560 Lied
467 2501 520 2557 auf
534 2503 628 2558 diesen
646 2503 777 2574 Heiligen
796 2503 824 2556 in
845 2503 879 2555 10
897 2502 1078 2573 vieraeiligen
1098 2503 1242 2574 Strophen
1266 2519 1323 2558 von
1342 2501 1449 2558 Thomas
1465 2519 1524 2558 von

224 2592 339 2662 reaper
357 2591 433 2645 steht
449 2589 495 2644 bei
513 2591 584 2646 Puer
602 2590 673 2644 nuel
692 2590 785 2646 devot.
803 2605 829 2659 p.
847 2589 906 2644 268.
925 2589 982 2643 und
998 2587 1084 2662 fangt
1102 2606 1154 2646 an:

364 2682 459 2746 Gaude
477 2688 566 2738 mater
585 2681 707 2738 ecelesia
988 2682 1021 2735 de
1041 2683 1227 2752 praecursoris
1246 2682 1347 2754 gloria.

433 3051 519 3123 654.
553 3051 610 3121 De
637 3075 664 3120 s.
689 3049 857 3122 Johunne
883 3047 1034 3149 baptista
1075 3053 1318 3148 (troparium).

225 3282 253 3342 1.
277 3277 439 3343 Summum
463 3295 648 3362 praeconem
671 3275 792 3342 Christi
899 3281 929 3343 3.
952 3277 1021 3342 Sed
1044 3281 1161 3361 quide
1185 3281 1268 3345 ooelo
1291 3281 1406 3344 meruit

276 3380 494 3464 collaudamus
517 3380 598 3459 laeti,
950 3383 1123 3465 nominari,
1147 3383 1256 3447 mundi
1278 3383 1387 3465 nequit
1483 3384 1523 3445 15

169 3536 173 3550 Χ
950 3483 1113 3548 illecebris
1136 3485 1238 3566 infici,

222 3569 252 3630 2.
276 3567 346 3644 Quo
368 3569 441 3651 ipsa
458 3570 580 3632 veritas

273 3675 475 3782 primm
625 3775 631 3787 .
750 3717 753 3724 '
952 3726 1005 3806 qui
1029 3744 1099 3790 curn
1123 3726 1305 3807 desiderat,

275 3789 431 3854 mamm
455 3773 526 3855 fori
549 3792 705 3837 nemmem
825 3777 844 3837 ⁵
947 3827 1029 3890 vitat
1051 3845 1162 3891 omnes
1185 3827 1360 3893 execrandi

271 3908 410 3975 lunatis
432 3910 634 3994 gignentum,
801 3905 808 3924 '
949 3931 1102 3994 consortii
1125 3931 1231 3996 aditus
1479 3932 1522 3994 20

272 4019 394 4096 praeter
417 4034 512 4078 unum

272 4114 429 4220 nupde'uqr
447 4107 544 4218 ¹casta
566 4122 717 4202 genitum.

953 3619 1109 3686 innocens
1133 3621 1255 3705 degere

946 4066 989 4132 Et
1011 4069 1099 4132 solus
1122 4070 1222 4135 solius

947 4171 1109 4236 inlraerens
1132 4173 1185 4236 dei
1207 4173 1329 4238 visibus

275 4252 336 4316 llio
358 4263 460 4318 matre
484 4256 540 4319 diu

267 4356 336 4441 Jam
360 4361 461 4425 serm
485 4360 590 4424 esitus
802 4362 841 4424 lo
948 4309 1104 4394 ⁰⁰‘l'⁰¹⁵⁸
1127 4311 1271 4377 ¹⁰bf³⁰⁰⁸

946 4414 1041 4478 luxus
1065 4414 1219 4480 edomans
1242 4435 1372 4480 carnem

269 4496 343 4561 N0n
367 4500 469 4564 solum
493 4501 580 4582 patri
947 4517 1073 4601 spiritui
1095 4520 1286 4601 subegerat,
1476 4522 1518 4583 25

270 4610 357 4667 muto
381 4605 541 4687 eloquium
563 4603 686 4687 reddit,
1158 4641 1160 4648 ·

272 4706 330 4771 sed
353 4708 497 4790 plurimis
519 4707 680 4789 gaudium.
894 4709 923 4772 1.
948 4703 1228 4791 Severitatemque
