3294 5322
414 759 523 835 1062.
562 761 687 832 Mariae
713 753 948 858 Magdalenae.
976 732 1139 856 hymnus:

118 1004 225 1072 Hodie
247 1009 351 1068 mater
374 1001 517 1085 gaudeat
538 949 688 1084 ecclesia,
796 1000 951 1084 Impletur
996 998 1109 1063 domus
1153 998 1310 1081 unguenti
1354 998 1423 1063 ira·

4 1163 5 1174 ,
119 1106 376 1173 namcoelicives
392 1106 561 1170 celebrant
575 1103 745 1169 sollemnia
1161 1103 1307 1185 grande,
1382 1101 1422 1164 10

120 1209 163 1274 de
185 1207 372 1292 peccatrice
394 1205 462 1312 tilia
485 1205 700 1274 dherusalem
797 1204 919 1289 gaudet
928 1205 1097 1288 peccatrix
1106 1204 1226 1270 domim
1235 1205 1421 1288 praesentia,

796 1309 910 1392 tangit,
934 1328 1029 1392 quem
1042 1316 1137 1390 amat,
1152 1308 1218 1372 fila
1228 1306 1421 1372 Jerusalem

118 1369 226 1439 Maria
248 1371 353 1437 Jhesu
376 1370 509 1434 servit
499 1390 532 1432 m
556 1369 715 1451 accubitu,

118 1472 249 1538 laedrtur
258 1467 371 1536 Simon
378 1471 563 1554 paenitentis
578 1470 707 1552 gemitu,
724 1471 742 1532 5
796 1496 868 1562 Hoc
886 1503 1008 1581 praesta
1021 1497 1123 1578 nobis,
1147 1493 1422 1579 redemptorpfig.

118 1576 229 1660 plorat
252 1582 286 1638 et
307 1581 380 1640 orat
402 1573 470 1638 filia
492 1573 685 1639 Jerusalem
1162 1600 1257 1676 sime,

385 1735 460 1800 dum
481 1735 670 1817 redemptor
684 1754 744 1798 un.
798 1703 885 1786 quod
908 1704 1126 1787 precabantur
1155 1700 1348 1787 peccatricis
1370 1701 1419 1764 la·

1162 1808 1271 1872 crimea

121 1940 222 2005 odore
246 1943 332 2005 bono
355 1836 702 2024 phasisaegggussontup‚
798 1928 858 1975 ora
879 1929 941 1996 pro
964 1911 1057 1976 nobis
1079 1909 1147 1974 filia
1162 1854 1354 1975 Jerusa’lam.
1380 1907 1420 1968 15

119 2045 246 2108 exultat
267 2045 347 2107 satis
369 2043 437 2106 filia
460 2042 664 2109 Jerusalem

119 1735 155 1804 A
177 1711 361 1822 peccatrice

208 2221 256 2276 ns.
276 2237 311 2274 zu
329 2221 465 2276 liiinchen
484 2221 552 2278 Clm.
572 2221 667 2276 10909.
688 2221 721 2274 16
738 2219 836 2276 Jahrb.

307 2570 415 2644 1063.
449 2572 507 2642 Dc
535 2597 562 2642 s.-
588 2570 705 2642 Mania
730 2568 957 2670 Magdalena.
994 2571 1040 2643 ad
1055 2597 1239 2682 'vesperas

116 2806 234 2904 Lauda
255 2817 359 2874 mater
383 2810 541 2892 ecclesia,
692 2819 694 2822 ’
796 2812 833 2877 fit
855 2834 897 2877 ex
919 2814 1026 2878 lebete
1048 2812 1177 2896 phiala,

163 2911 261 2978 lauda
284 2911 405 2978 Christi
428 2914 647 3007 clamantium,
760 2999 762 3004 Ι
840 2916 881 2981 de
903 2935 983 2980 vase
1007 2916 1218 2982 contumeliae.

116 3016 175 3100 qui
198 3025 323 3101 septem
345 3025 466 3101 purgat
488 3019 568 3104 vitia

162 3141 224 3204 per
247 3122 466 3206 septiformem
491 3121 639 3204 gratiam.
798 3119 931 3206 [Aegra
954 3125 1054 3188 currit
1076 3122 1118 3188 ad
1140 3123 1312 3204 medicum,

795 3246 856 3292 vas
878 3228 987 3292 ferens
1010 3229 1219 3294 aromaticum

116 3333 226 3399 Maria
250 3350 344 3397 soror
366 3330 500 3414 Lazari,
724 3334 743 3394 5
841 3337 873 3393 at
896 3350 916 3394 a
938 3332 1051 3394 morbo
1074 3330 1240 3413 multiplici
1379 3332 1419 3394 15

163 3455 236 3518 quae
258 3442 306 3500 tot
328 3435 485 3500 commisit
508 3436 655 3517 crimina,
701 3437 703 3440 ’
840 3437 943 3498 verbo
967 3441 1100 3499 curatur
1120 3433 1264 3516 medici]

117 3545 161 3612 ab
183 3545 257 3628 ipsa
279 3545 373 3610 fauce
395 3543 511 3609 tartari

164 3647 250 3712 redit
272 3647 413 3712 advitae
436 3647 553 3710 limina.
797 3632 993 3718 Surgentem
1016 3655 1088 3708 cum
1110 3639 1249 3704 victoria

840 3737 952 3803 Jesnm
975 3737 1065 3804 videt
1088 3742 1129 3804 ab
1152 3740 1280 3822 inferia,

64 3919 70 3928 ,
118 3852 198 3919 Post
219 3852 317 3917 fluxae
339 3853 446 3918 carnis
470 3850 625 3918 scandala
796 3843 901 3925 prima
922 3851 1064 3909 meretur
1086 3843 1222 3928 gaudia,

161 3954 195 4018 in
216 3973 276 4018 vas
300 3955 458 4018 translata
480 3953 595 4036 gloriae
703 3952 742 4014 10
841 3963 913 4027 quae
936 3948 1009 4031 plus
1032 3947 1169 4014 ardebat
1192 3949 1318 4014 ceteris.
1378 3949 1420 4012 20

207 4154 276 4208 Drei
293 4156 356 4210 Hss.
374 4172 431 4209 von
449 4155 479 4210 S.
497 4155 582 4209 Peter
600 4171 635 4207 nu
652 4153 823 4222 Karlsruhe,
842 4151 896 4207 No.
915 4155 949 4208 63
969 4153 1016 4207 des
1037 4157 1070 4206 15
1088 4155 1188 4210 Jahrh.
1206 4155 1279 4223 (Α),
1311 4154 1362 4208 No.
1382 4155 1416 4206 55

118 4243 169 4298 des
190 4241 339 4298 1111111.
363 4243 435 4311 (B),
466 4241 520 4295 No.
538 4243 572 4295 32
595 4240 645 4294 des
664 4243 697 4293 15
719 4241 818 4296 Jahrh.
846 4240 908 4312 (G).
962 4241 1030 4296 Eine
1054 4240 1159 4295 andere
1177 4240 1350 4296 Karlsruher
1367 4240 1416 4294 Hs.

119 4347 146 4386 o.
165 4329 218 4383 No.
247 4328 297 4382 des
325 4331 359 4382 111
385 4329 484 4382 lahrh.
513 4328 563 4382 mit
587 4328 637 4382 der
654 4328 776 4384 Melodie
804 4329 871 4398 (K).
907 4329 953 4384 Hs.
983 4327 1032 4381 des
1062 4329 1094 4382 ll
1121 4327 1220 4384 Jahrb.
1246 4328 1275 4382 in
1301 4327 1420 4382 meinent

118 4415 214 4472 aeia
233 4415 300 4486 (11).
337 4413 610 4483 carcassonam
631 4403 759 4486 (1))111
779 4415 925 4470 namatus
942 4431 970 4486 p.
989 4416 1041 4468 311
1061 4417 1124 4486 (n).

207 4540 273 4596 Dies
291 4539 347 4596 und
366 4538 416 4594 das
434 4535 568 4608 fulgenda
586 4537 653 4592 Lied
678 4539 794 4593 werden
812 4539 875 4594 dem
894 4539 955 4596 Odo
974 4550 1032 4594 von
1050 4541 1162 4612 Olugny
1187 4538 1416 4610 nugeschrieben,

120 4630 165 4686 die
189 4629 276 4712 Texta
301 4628 429 4683 weichen
454 4627 523 4680 aber
546 4641 578 4680 so
604 4625 669 4678 sehr
693 4641 749 4681 von
775 4626 907 4682 einander
931 4629 968 4683 ab
991 4629 1047 4683 und
1072 4628 1136 4683 sind
1150 4629 1180 4682 in
1198 4629 1259 4682 sich
1278 4626 1367 4681 selbst
1386 4641 1420 4682 sc

118 4716 317 4786 verscldeden,
342 4716 407 4770 dass
426 4731 489 4772 man
508 4714 549 4768 sie
568 4711 697 4768 offenbar
715 4713 744 4768 in
762 4715 834 4770 nwei
851 4714 952 4770 Lieder
969 4721 1087 4772 trennen
1105 4731 1188 4772 muss.
1224 4718 1256 4771 ln
1273 4715 1297 4770 ll
1315 4712 1415 4787 folgen
