3308 5310
1400 351 1445 417 'to

136 534 325 591 ffinsichtlich
352 534 403 588 der
422 529 598 604 Nacht'olger
618 533 697 588 Petri
718 533 858 604 sprechen
881 531 942 586 sich
965 531 1011 586 die
1035 531 1113 588 alten
1130 533 1232 588 Lieder
1256 534 1308 588 der
1325 533 1445 590 Mondou

135 623 211 678 eben
237 639 272 677 so
299 637 351 676 ans
387 618 442 676 wie
468 621 522 675 die
538 620 732 678 lateiniscnen.
782 619 822 675 So
845 635 952 674 neuneu
976 619 1018 674 rie
1042 635 1066 675 n.
1092 621 1123 674 B.
1149 621 1202 674 den
1227 621 1316 691 Papst
1339 620 1399 676 Leo
1426 621 1445 676 l

136 713 247 784 Πέτρου
272 708 321 764 τοῦ
344 714 502 785 κορυφαίου
527 706 636 782 θρόνου
655 705 829 784 κληρονόμος.
856 707 938 762 Febr.
965 709 1007 762 18,
1052 709 1109 762 Dor
1135 709 1224 780 Papst
1242 709 1344 764 Marna
1363 710 1382 765 l.
1409 710 1447 764 im

137 797 272 853 uJahrh.
296 801 369 868 (von
387 798 440 852 619
462 797 506 851 bis
524 797 593 867 655)
619 795 692 850 wird
715 796 789 849 noch
812 801 936 866 genennt
961 804 1111 870 κορυφαῖος
1135 796 1209 870 ἱερὸς
1232 801 1277 850 καὶ
1295 791 1446 870 ἀρχιερέων

138 885 157 955 ἡ
180 891 286 960 κρηπίς.
314 885 403 954 April.
429 886 470 938 13.
512 884 568 937 Der
594 884 734 938 rdmische
758 881 865 938 Primat
888 898 950 936 war
975 882 1097 937 niimlich
1128 881 1174 936 bei
1197 882 1250 937 den
1274 882 1445 940 asiatischen

139 973 263 1028 Kirchen
289 972 326 1024 im
353 971 472 1026 nweiten
496 969 687 1026 Jahrhundert
710 968 771 1023 eine
797 969 995 1039 ansgemachte
1022 969 1122 1025 Sache.
1167 969 1196 1024 S.
1216 969 1363 1026 Tertulliano.
1381 970 1445 1025 adv.

138 1061 223 1115 Prax.
247 1062 272 1111 1.
305 1058 385 1112 Anch
408 1059 535 1129 Clrysost.
559 1057 593 1111 de
618 1052 756 1111 sacerdot
780 1058 856 1124 u,1.
881 1061 966 1110 nennt
983 1056 1037 1110 den
1054 1059 1157 1112 Petrus
1175 1061 1334 1131 κορυφαῖος.
1371 1057 1445 1112 Puto

139 1145 194 1202 tibi
205 1163 265 1202 eam
279 1151 388 1218 partem
402 1145 479 1199 orbis
494 1140 626 1199 sufficere
641 1143 752 1210 debere,
771 1142 799 1196 in
813 1159 869 1212 qua
881 1143 1000 1212 primum
1014 1143 1210 1212 apostolorum
1223 1158 1337 1198 snorum
1356 1139 1448 1198 voluit

139 1232 495 1304 dominnstglorioslssimo
513 1231 651 1302 martyrio
671 1245 817 1287 coronare.
852 1231 983 1300 Aequitio.
1003 1236 1103 1286 contra
1120 1229 1224 1286 Julian.
1243 1232 1267 1298 1,
1287 1231 1331 1284 13,

504 1532 589 1605 675.
627 1532 686 1602 De
712 1556 739 1602 s.
764 1531 876 1602 Petro
903 1529 1074 1628 apostolo.

148 1764 253 1828 Jubar
275 1763 364 1826 orbis
386 1762 591 1842 luminosum,
865 1761 1035 1826 veritatem
1060 1760 1170 1825 dicere

148 1867 247 1932 decus
271 1867 360 1930 orbis
382 1865 591 1949 gaudiosum,
865 1865 920 1947 pio
943 1883 1072 1948 semper
1094 1880 1204 1948 opere.

188 1969 335 2051 claviger
358 1967 509 2050 egregie,
554 2007 558 2012 -

192 2079 290 2154 oaput
312 2089 349 2133 es
373 2069 532 2134 ecclesias,
822 2051 902 2117 Esto
926 2061 1028 2133 tutor,
1051 2071 1167 2136 pacem
1189 2059 1327 2135 praesta,
1404 2049 1446 2112 25

381 2153 387 2162 ’
824 2165 856 2220 et
879 2156 1027 2240 adjutor,
1051 2175 1092 2218 ne
1114 2155 1253 2219 molesta

144 2261 260 2338 Petro,
283 2266 377 2343 pete,
401 2259 442 2323 de
465 2258 632 2322 tormentis
751 2259 770 2320 5
867 2260 1033 2324 christiani
1056 2260 1169 2343 populi

145 2370 181 2427 ut
204 2363 311 2444 quiete
334 2361 551 2429 comburentis
806 2437 809 2440 ¹
867 2380 926 2426 nos
949 2366 1138 2428 comburant
1161 2362 1281 2427 saeculi.

191 2463 299 2546 stagni
321 2463 419 2526 miser
442 2482 557 2542 eruar,

190 2565 387 2647 sempiterna
412 2563 571 2647 perfruar.
823 2551 920 2615 Petne
944 2550 1104 2624 clemens,
1127 2567 1212 2613 nnnc
1235 2550 1344 2612 solare

823 2655 930 2718 lumen
949 2653 1061 2717 lucens
1085 2659 1161 2735 post
1182 2651 1246 2716 hoc
1267 2671 1356 2716 mare
1407 2653 1449 2716 30

145 2759 229 2823 Dum
252 2757 380 2840 suspiro
403 2763 452 2837 et,
477 2753 657 2835 dementi,
871 2756 912 2819 de
937 2756 1027 2820 coelis
1050 2754 1187 2833 irradia,

146 2870 183 2926 ut
204 2861 335 2944 requiro
358 2867 406 2940 te,
431 2857 596 2942 poscenti,
732 2855 772 2917 10
814 2933 817 2942 ff
869 2879 929 2926 nos
952 2859 1086 2924 trahens
1110 2859 1153 2924 ad
1175 2855 1304 2941 gaudia.

190 2965 368 3046 gratiarum
390 2981 537 3042 munera,

189 3087 263 3131 mea
285 3085 365 3130 sana
387 3065 531 3130 vulnera,
825 3050 851 3115 0
875 3051 1030 3132 claviger,
1054 3065 1203 3114 necnon
1227 3049 1351 3112 cunctis

824 3155 903 3218 meis
927 3153 1039 3217 confer
1057 3153 1127 3236 jam
1151 3153 1309 3216 defunctis

149 3256 196 3324 Ut
218 3258 278 3320 sim
301 3266 426 3339 castus,
449 3256 536 3339 pius,
559 3261 667 3319 rectus
868 3258 1012 3338 requiem
1035 3257 1238 3338 parentibuS‚
1407 3255 1447 3315 35

148 3369 183 3426 et
203 3360 383 3444 modestuS,
408 3359 675 3456 circumspectus,
868 3361 952 3423 notis
976 3365 1009 3422 et
1031 3359 1189 3422 affinibus.

194 3463 313 3546 dulcis,
336 3461 491 3544 blandus,
514 3461 656 3543 sobrius,
733 3462 772 3522 15

192 3564 347 3629 similatus
371 3564 513 3644 nescius3
827 3549 887 3627 oui
910 3548 1052 3613 sublimis
1076 3547 1165 3611 celsa
1188 3545 1267 3610 sede

705 3675 708 3680 ·
826 3653 930 3717 factus
953 3651 1062 3733 nimis,
1086 3649 1269 3732 intercede,

148 3755 320 3838 Eruditus,
343 3773 471 3839 semper
486 3763 604 3848 gratus
731 3839 734 3846 .
870 3776 919 3840 οε,
943 3777 1003 3841 per
1026 3756 1080 3820 dei
1102 3755 1200 3820 filium

149 3867 184 3923 et
205 3861 342 3924 munitus
366 3868 399 3924 et
422 3868 555 3925 ornatus
868 3879 930 3945 pro
953 3860 1057 3925 salute
1081 3859 1227 3924 omnium.
1408 3857 1450 3920 40

193 3960 309 4024 divinis
331 3961 486 4044 eloquiiS,
658 3957 661 3966 ’

193 4063 296 4126 sacris
319 4061 495 4131 beneficiis.
731 4063 773 4125 20
826 4050 894 4114 Nos
918 4050 1066 4113 conforta
1089 4066 1148 4113 nos
1172 4063 1337 4128 enormes,

826 4159 859 4216 et
881 4160 1015 4235 reporta
1037 4160 1070 4214 et
1092 4150 1249 4214 reformes

150 4251 259 4320 (lorde
283 4253 444 4337 prudens,
467 4255 584 4318 malum
607 4253 739 4336 nolenS,
870 4273 984 4320 munus
1006 4253 1217 4336 indulgentiae

149 4376 243 4424 omne
267 4357 417 4441 studens,
441 4357 536 4422 deum
559 4357 670 4423 colens
871 4359 914 4424 ad
936 4365 1053 4422 statum
1071 4356 1216 4441 justitiae.

237 4541 442 4613 Strassburger
460 4541 508 4597 Hs.
523 4542 555 4596 Κ,
573 4543 634 4596 316.
654 4543 697 4598 Bl.
718 4543 777 4596 155.
798 4544 831 4596 15
850 4523 947 4597 Jalrrh.

237 4661 288 4716 Die
307 4664 507 4721 construction
525 4665 617 4720 dleses
635 4664 734 4721 Liedos
752 4665 791 4720 ist
808 4665 854 4718 hie
873 4665 929 4719 und
947 4664 984 4718 da
1002 4677 1192 4734 gezwnngen:
1212 4661 1229 4713 6
1247 4664 1278 4714 ut
1293 4655 1386 4728 quiete
1405 4667 1454 4724 ge·

147 4750 215 4806 hort
233 4766 272 4804 nu
288 4751 313 4804 8.
348 4753 374 4806 9.
394 4753 429 4806 to
453 4753 490 4808 da
512 4752 598 4809 menti
622 4751 751 4824 poscenti
775 4752 879 4827 gehdrt
904 4763 1069 4804 zusammen.
1106 4751 1139 4801 11
1164 4748 1202 4802 ist
1224 4745 1253 4800 in
1277 4742 1453 4799 derlls.12
