3332 5318
245 523 282 578 ud
298 535 434 591 vesperus,
453 521 602 592 antiplona.
831 520 899 576 vivo
918 521 1007 576 verbe
1025 521 1181 592 inspiratur

866 607 996 664 coelibum
1014 614 1080 664 tunc
1099 613 1273 682 constantia,

829 695 925 766 sicque
945 695 1059 751 Christo
1078 695 1267 766 desponsatur

795 805 797 808 ·
863 782 983 854 insignis
1001 781 1147 854 Epigonis.

147 645 246 702 Gaude
265 642 331 699 diva
349 643 430 698 radix
447 642 575 712 levitica,

146 733 222 788 tanti
239 731 310 786 rami
329 731 399 786 daur
416 731 500 785 nubis
519 730 638 802 gaudia,

146 819 240 890 magis
259 821 352 873 tamen
371 815 488 889 plaudet
505 816 626 872 ecclesia

147 907 276 978 apostoli
293 907 392 962 dotata
410 907 506 978 gloriis
1146 966 1151 978 Ι

146 993 276 1052 Matthaei
293 993 438 1066 regnantis
454 993 483 1046 in
501 993 603 1062 patria.
1010 963 1046 1018 “d
1062 966 1206 1019 mamm*-

829 1078 979 1138 'transfert
996 1083 1043 1138 dei
1061 1083 1098 1139 ad
1115 1083 1231 1142 Maurum
1249 1080 1337 1140 filium

830 1169 979 1224 Matthaeus
998 1170 1068 1224 dans
1087 1170 1128 1224 eis
1146 1170 1307 1240 consilium,

147 1267 220 1322 Dum
236 1265 386 1321 Matthaeus
405 1263 547 1318 Christum
564 1259 656 1332 fatur,
829 1260 860 1313 ut
878 1256 1026 1312 credentes
1045 1263 1111 1328 post
1129 1258 1185 1313 hoc
1202 1258 1316 1312 exilium

184 1355 348 1410 Maurorum
366 1353 444 1424 regis
462 1347 523 1405 fllia
829 1345 964 1416 triumphi
980 1345 1135 1415 suscipiant
1153 1345 1250 1400 lilium.
1270 1349 1323 1400 etc,

274 1161 277 1168 ⁴
328 1144 530 1212 responsorium.

204 1495 237 1548 V.
256 1496 334 1548 1-3.
359 1491 423 1556 τοὺς
437 1491 505 1555 σούς
519 1487 699 1557 ἀποστόλους,
716 1489 790 1545 θεοῦ
803 1487 874 1564 ldqe,
888 1483 1036 1562 φωστῆρας
1050 1483 1190 1552 ἀνέδειξος
1199 1483 1277 1558 ζωῆς.
1296 1485 1368 1542 Nov.
1377 1487 1419 1540 16.

203 1581 236 1652 V,
255 1583 279 1635 9.
299 1582 342 1635 10.
360 1579 402 1653 ’τῇ
420 1579 455 1652 σῇ
473 1580 651 1640 καθοπλίσας
671 1581 823 1648 παντευχίᾳ
838 1578 1000 1642 Mardonius,
1018 1572 1124 1649 σωτὴρ,
1142 1571 1281 1650 τυράννων
1300 1572 1421 1630 δυνατώ-

112 1687 193 1746 τερον
212 1665 341 1744 εἰργάσω.
367 1666 435 1721 lbid.

196 1979 282 2054 723.
323 1977 480 2050 Simonis
507 1973 675 2052 Cananaei
704 1986 738 2048 et
764 1973 871 2047 dudae
896 1969 1070 2044 Thaddeei
1096 1970 1346 2070 apostolurum.

5 2217 6 2250 ο
112 2181 217 2250 Salve
239 2181 352 2247 Simon
374 2179 555 2264 Gananaee,
792 2177 984 2261 Effugastis,
1008 2194 1089 2258 quos
1112 2185 1283 2262 serpentes
1377 2177 1419 2240 25

5 2279 6 2300 ¹
157 2305 254 2368 quem
277 2285 378 2368 elegit
399 2284 561 2364 dominus,
617 2368 618 2372 Ἰ
833 2283 929 2366 jussu
950 2287 1063 2344 vestro
1085 2281 1255 2362 laeserant,

113 2391 208 2456 salve
231 2388 319 2455 duda
341 2389 396 2452 vel
419 2387 600 2468 Thaddaee,
793 2384 995 2468 tigridesque
1018 2384 1208 2464 saevientes,
1319 2443 1320 2450 ,

157 2491 309 2556 Christus
330 2489 535 2554 nihilominus
837 2487 893 2569 qui
914 2487 1026 2570 plures
1049 2495 1266 2568 necaverant,

112 2601 214 2660 vocat
235 2592 278 2656 ad
301 2592 518 2677 apostolatum
722 2591 741 2652 5
793 2589 976 2674 repulistis,
1000 2596 1034 2652 et
1055 2596 1220 2653 morantes

157 2715 220 2762 vos
242 2694 510 2777 misericorditer,
839 2694 885 2758 ibi
908 2693 1025 2756 multos
1047 2694 1187 2777 populos
1379 2694 1422 2759 30

112 2801 211 2866 vobis
235 2800 393 2864 exhibens
412 2805 585 2882 cognatum
795 2796 1001 2861 convertistis
1024 2797 1227 2880 baptizantes

157 2923 195 2968 se
219 2902 428 2967 familiariter.
448 2945 451 2948 -
840 2905 874 2964 et
898 2899 1054 2965 docentes
1073 2900 1214 2966 sedulos.

114 3090 173 3160 Ad
193 3089 386 3182 Abagarum
408 3089 542 3171 venisti,
796 3091 889 3174 Magi
913 3108 994 3155 vero
1016 3091 1215 3174 instigabant
1299 3070 1303 3080 ¹

159 3196 308 3263 coelibem
332 3175 563 3275 christicolam,
703 3192 743 3255 1o
841 3203 875 3259 et
896 3195 1001 3259 insani
1022 3194 1215 3278 pontifices,

113 3307 150 3366 ut
170 3300 364 3385 promissum
387 3299 448 3363 sibi
472 3295 591 3360 Christi
798 3297 852 3380 qui
873 3303 950 3380 post
971 3295 1034 3360 hoc
1055 3314 1115 3358 vos
1135 3297 1356 3380 captivabant,
1381 3297 1423 3360 ³5

159 3412 231 3469 erat
253 3425 314 3489 per
338 3404 523 3489 epistolam,
602 3405 604 3408 ’
841 3418 881 3463 ac
904 3417 1016 3486 eorum
1040 3399 1231 3481 complices,

112 3528 187 3574 cum
211 3525 274 3589 qua
298 3506 369 3591 ejus
393 3504 593 3587 confricasti,
796 3522 858 3568 vos
880 3502 924 3566 ad
939 3502 1035 3566 'idola
1056 3503 1224 3565 trahentes

158 3618 272 3675 sancte
295 3609 396 3693 duda,
420 3609 535 3674 faciem
841 3607 1008 3671 immolare
1031 3607 1180 3690 incitant,

113 3722 148 3779 et
173 3735 193 3777 a
216 3713 310 3795 lepra
332 3731 408 3776 mox
431 3711 567 3794 curasti,
702 3713 744 3775 15
797 3734 859 3801 per
881 3731 942 3777 vos
965 3711 1130 3776 daemones
1153 3711 1327 3776 trementes

159 3818 281 3883 claram
302 3816 445 3882 reddens
469 3815 620 3898 speciem.
841 3836 877 3880 se
900 3816 1045 3898 torqueri
1069 3815 1241 3880 clamitant.
1383 3815 1424 3879 40

112 4008 181 4074 Per
205 4008 354 4072 diversas
377 4016 483 4072 terras
505 4005 577 4072 istis
798 4008 1032 4090 Daemonesque
1058 4007 1102 4071 dii
1125 4007 1317 4091 templorum

158 4111 363 4195 praedicandi
384 4112 506 4194 gratia,
842 4111 928 4192 nigri
942 4118 985 4195 ¹ut
1008 4111 1160 4193 fuligines

114 4215 211 4280 simul
233 4215 400 4279 Persidem
423 4216 557 4280 venistis
800 4222 1003 4303 apparebant
1024 4219 1185 4283 idolorum

160 4317 214 4382 dei
236 4319 462 4402 providentia,
704 4324 746 4386 20
844 4324 1033 4405 frangentes
1056 4323 1225 4405 imagines

113 4422 171 4489 ubi
195 4441 310 4506 magos
333 4423 507 4487 illudentes
800 4427 842 4492 ob
865 4427 929 4490 hoc
950 4424 1044 4508 plebs
1066 4443 1128 4488 vos
1151 4424 1309 4489 cruciavit
1381 4423 1423 4484 45

160 4527 260 4590 noxie
284 4525 466 4591 hominibus
843 4535 1005 4610 martyres
1029 4526 1211 4607 constituit,

116 4635 150 4692 et
173 4634 345 4712 serpentes
369 4627 587 4712 producentes
799 4632 908 4714 fulgur
930 4629 1083 4712 templum
1106 4627 1290 4692 devastavit

159 4740 276 4799 contra
299 4750 361 4797 vos
385 4731 580 4799 carminibus
843 4751 1022 4816 magosque
1045 4732 1244 4800 comminuit·
