3294 5316
102 525 276 607 eleganter
299 519 470 604 expolitae,

101 648 159 694 me
182 642 321 710 egenum
342 621 510 705 exaudite,

148 733 183 797 in
205 750 334 796 servum
356 749 407 794 me
423 729 599 813 suscipite!

104 912 180 996 Ego
202 931 328 998 pauper
351 917 449 994 atque
471 910 564 993 talis,

104 1026 143 1084 ut
165 1017 223 1082 sim
248 1024 360 1082 vester
381 1017 536 1102 specialis

105 1126 219 1184 vestro
241 1119 374 1182 fervens
396 1119 430 1182 iu
451 1135 578 1202 amore,
692 1116 732 1180 10

105 1230 220 1288 vestro
242 1221 300 1286 fiet
323 1241 395 1287 cum
416 1221 531 1285 lavore
538 1268 547 1303 ,

106 1323 183 1390 dum
203 1341 265 1389 vos
288 1336 348 1388 oro
369 1323 425 1386 vel
446 1323 591 1407 honoro,

106 1433 238 1512 gratum
260 1428 302 1492 sit
323 1427 355 1489 in
378 1434 490 1492 vestro
513 1425 615 1492 choro

2 1513 4 1531 ι
152 1537 185 1595 et
207 1530 312 1596 vicem
335 1547 446 1612 quaeso
469 1528 605 1618 reddite.

108 1713 137 1778 0
161 1713 293 1796 puellae,
317 1730 337 1776 o
360 1712 518 1794 agnellae,
693 1709 732 1773 15

112 1812 234 1879 Christi
255 1833 341 1879 carae
364 1813 586 1897 columbellae,

110 1918 181 1982 sine
205 1915 279 1980 dolo
302 1917 371 1980 sine
393 1915 485 1994 felle,

109 2020 184 2084 coeli
205 2019 325 2103 stellae,
348 2019 402 2084 dei
425 2019 534 2100 cellae,

104 2122 245 2206 jubilate
267 2129 470 2206 purpuratae,

110 2233 295 2306 coronatae,
319 2233 530 2306 congregatae
692 2224 734 2286 20

155 2347 227 2392 cum
250 2344 336 2410 agno
358 2328 559 2392 innocentiae.

109 2508 139 2573 Ο
163 2528 257 2592 quam
280 2494 358 2572 estis
376 2508 446 2592 jam
469 2525 613 2589 securae,

110 2611 175 2679 deo
198 2633 327 2698 semper
343 2615 506 2692 lruiturae,

110 2736 274 2800 nunquam
296 2735 336 2782 eo
359 2718 527 2799 cariturae,

111 2841 186 2887 cum
209 2840 274 2904 quo
296 2821 373 2885 estis
396 2839 635 2904 permansurae,
694 2818 735 2882 25

111 2945 207 3008 quem
229 2926 362 3009 videtis,
386 2941 480 3007 quem
502 2924 632 3005 tenetis,

112 3033 168 3114 qui
189 3050 250 3096 vos
271 3033 355 3097 ulnis
378 3030 507 3113 stringit
528 3028 613 3094 laetis

156 3151 273 3197 serena
295 3133 405 3196 ridens
428 3131 521 3197 facie.

113 3311 141 3377 0
164 3311 288 3396 reginae
310 3311 491 3395 puellares,

113 3416 267 3502 passione
289 3413 402 3480 sancta
422 3431 537 3498 pares,
695 3415 737 3478 30

116 3521 179 3586 deo
201 3536 263 3585 vos
284 3519 473 3600 familiares,

114 3625 321 3710 perdilectae,
344 3623 554 3712 singulares,

115 3747 201 3794 nunc
222 3727 380 3811 gaudete,
403 3744 488 3791 nunc
509 3723 644 3807 florete,

115 3851 246 3916 semper
263 3851 378 3914 novae,
400 3847 531 3915 semper
552 3831 639 3896 laetoe

159 3938 310 4003 festivum
332 3938 466 4004 chorum
488 3933 603 4002 ducite.
697 3935 738 3998 35

117 4099 188 4166 Vos
206 4098 362 4181 jocundae
381 4100 590 4182 philomenae,

118 4221 253 4289 quarum
275 4210 388 4266 turmae
411 4210 484 4266 sunt
505 4203 660 4283 undenae,

118 4323 251 4393 sponsae
273 4303 326 4368 dei
348 4301 411 4366 deo
434 4301 557 4386 plenae,

118 4411 291 4476 decantate
312 4406 442 4473 laudem
463 4408 547 4471 bene

121 4513 299 4597 virginales
320 4532 381 4596 per
405 4511 543 4576 choreas
699 4509 742 4573 40

121 4627 154 4686 et
177 4617 327 4683 coelester
347 4636 409 4700 per
429 4615 556 4698 plateas

158 4719 337 4804 jocundum
359 4735 491 4784 carmen
513 4716 619 4782 dicite.

712 519 732 582 5
785 516 869 581 Date
891 531 991 580 voces
1014 515 1047 578 iu
1068 515 1213 598 autimi,

786 619 975 703 angelorum
998 618 1089 684 chori
1107 621 1202 703 primi

784 722 892 788 locum
915 722 1030 790 dantes
1053 723 1268 808 admirentur,
1366 727 1408 794 lt

780 823 1001 908 jocundantes
1022 825 1240 910 wlleetemur,

784 933 928 990 vestram
951 942 1070 990 novam
1091 928 1278 1012 melodiam,

784 1028 961 1095 inauditam
983 1029 1185 1097 harmoniam

831 1132 991 1200 auscultat
1011 1141 1126 1200 sancta
1147 1136 1283 1202 trinitas.

786 1314 813 1380 0
836 1315 964 1382 dilectae
988 1335 1200 1400 consorores,
1368 1319 1409 1383 50

786 1438 920 1501 quarum
942 1439 1103 1503 nunquam
1125 1429 1271 1490 marcent
1295 1421 1410 1508 flores,

785 1519 858 1604 ipse
881 1520 942 1585 sibi
960 1539 1021 1585 vos
1042 1523 1211 1606 praevidit,

787 1623 841 1706 qui
864 1622 905 1688 de
927 1623 1013 1690 valle
1036 1643 1096 1690 vos
1118 1626 1283 1710 praecidit,

786 1744 846 1791 vos
870 1726 983 1810 elegit,
1006 1746 1067 1792 vos
1090 1728 1223 1811 collegit

787 1835 820 1892 et
842 1827 875 1890 in
897 1836 1017 1893 sertum
1040 1829 1102 1894 sibi
1125 1829 1225 1912 fregit
1369 1831 1411 1903 55

830 1929 1078 2012 pulcherrimum
1098 1930 1261 1996 divinitas.

787 2109 852 2192 Te,
876 2128 895 2174 ο
918 2113 1013 2176 turba
1034 2127 1215 2194 generosa,

786 2215 883 2298 praeit
904 2215 960 2279 illa
981 2214 1103 2280 floreus
1126 2233 1217 2298 rosa,

788 2318 860 2382 sola
887 2336 965 2382 rosa
986 2319 1196 2402 principalis,

787 2439 849 2483 nec
872 2428 923 2484 est
943 2421 988 2486 ibi
1010 2437 1086 2486 rosa
1108 2423 1195 2504 talis,
1371 2425 1412 2488 60

789 2540 861 2606 quaa
885 2525 925 2588 sit
950 2525 1011 2590 sibi
1033 2527 1223 2609 coaequalis,
1324 2539 1329 2547 ·

788 2635 892 2692 mater
914 2635 982 2693 tota
1006 2630 1149 2710 curialis,

833 2748 906 2811 quae
928 2729 1000 2794 tulit
1023 2731 1095 2794 coeli
1119 2729 1288 2795 dominum.
1315 2739 1317 2744 ’
1368 2808 1370 2814 ¹

788 2908 864 2992 Ipsa
889 2914 939 2972 est
961 2906 1080 2972 dilecta
1102 2927 1189 2989 mea,

788 3031 849 3077 vos
872 3013 1064 3097 praecedens
1086 3013 1118 3078 in
1142 3012 1279 3094 chorea,
1370 3013 1411 3076 65

790 3117 883 3201 cujus
906 3135 1023 3182 nomen
1044 3124 1078 3180 et
1100 3135 1244 3200 persona

790 3219 849 3285 sua
871 3221 959 3286 lucet
979 3222 1013 3284 in
1037 3218 1180 3301 corona,

790 3341 887 3407 quarn
908 3323 1072 3406 inscripsit
1095 3323 1175 3387 deus
1198 3329 1310 3406 pater,

789 3427 862 3492 haec
886 3434 936 3490 est
957 3427 1013 3491 illa
1035 3427 1117 3493 Jesu
1139 3435 1258 3507 mater,

833 3531 939 3597 Maria
962 3532 1057 3613 virgo
1080 3530 1251 3612 virgiuum.
1370 3527 1411 3591 '10

791 3717 872 3782 Haec
893 3731 954 3779 vos
975 3714 1073 3797 praeit
1094 3731 1165 3777 cum
1188 3711 1335 3792 honore,

791 3820 924 3886 trahens
947 3835 1007 3886 suo
1029 3834 1090 3882 vos
1111 3815 1231 3897 odore,

790 3925 901 3990 ferens
923 3925 1048 4005 signum
1071 3921 1246 4001 vexillare,

792 4030 976 4097 modulatur
997 4028 1091 4092 vobis
1114 4026 1219 4107 clare,
1348 4054 1351 4059 ·

791 4155 853 4218 per
874 4133 1009 4213 floreta,
1031 4149 1092 4214 per
1114 4134 1226 4193 roseta
1374 4125 1416 4187 '15

794 4239 913 4320 promit
935 4254 1053 4301 novum
1076 4251 1206 4298 carmen
1226 4227 1313 4306 laeta,

839 4345 1006 4404 cantantes
1032 4332 1271 4416 subsequimini.

796 4502 945 4570 Summas
966 4499 1067 4566 voc'es
1090 4495 1294 4578 angelorum,

795 4627 889 4674 omne
911 4606 1012 4670 melos
1032 4617 1232 4687 organorum

797 4710 870 4776 haec
893 4708 1002 4772 divina
1022 4705 1207 4790 philomena
1377 4696 1419 4760 80
