3338 5324
246 293 312 382 'ors

242 499 312 570 Sex
335 507 433 571 struis
455 507 488 571 in
511 503 623 572 Sicilia
850 509 870 572 5
925 509 974 578 'l'u
996 507 1192 596 Anglicanis
1214 513 1365 596 gentibus

284 618 319 674 et
342 610 512 692 septimum
533 611 565 673 in
589 607 683 681 Urbe¹
969 614 1121 680 doctores
1144 617 1364 704 transmisisti,

241 720 380 797 accepta
401 713 618 792 monasteria,
886 723 889 729 '
924 737 1004 803 quas
1027 719 1148 783 meritis
1172 727 1205 783 et
1226 721 1378 804 precibus

283 815 361 884 binc
382 815 546 882 subtrahis
568 823 600 881 te
623 817 746 889 turbae,
967 819 1011 885 ad
1032 819 1130 889 fidem
1153 823 1350 888 convertisti.
1513 825 1556 887 10

239 1007 286 1075 Ut
307 1027 408 1074 vaces
431 1009 493 1074 deo
515 1011 637 1093 libere,
921 1007 1049 1073 Flendo
1071 1009 1246 1094 'l'rajannru
1268 1029 1407 1075 revocas

283 1120 416 1179 terrena
438 1113 676 1196 contempsisti,
828 1111 868 1174 10
966 1131 987 1175 a
1008 1131 1106 1196 poena
1129 1112 1317 1195 gehennali,

240 1221 277 1280 ut
297 1233 415 1300 posses
437 1216 494 1278 vix
517 1215 721 1297 subsistere,
778 1235 781 1242 ·
922 1220 1080 1282 matronae
1102 1212 1198 1278 fidem
1221 1213 1366 1280 advocas

283 1319 333 1382 sic
355 1336 473 1401 corpus
497 1317 649 1383 afflixisti.
967 1333 1065 1380 carne
1089 1315 1322 1380 sacramentali.

237 1505 443 1592 Argenteam
460 1507 676 1592 'parapsidem
755 1503 759 1508 ’
922 1506 972 1570 'lu
993 1505 1109 1590 plenus
1129 1524 1164 1569 es
1186 1504 1386 1584 virtutibus,
1508 1510 1551 1571 45

282 1630 389 1695 egeno
413 1614 588 1695 erogabas,
964 1626 1100 1690 magnus
1123 1608 1316 1689 humilitate,

240 1715 282 1780 ad
305 1734 448 1779 mensam
470 1715 560 1779 venit
582 1713 692 1778 itidem
770 1743 775 1754 ·
826 1716 866 1777 15
921 1719 956 1776 tu
978 1711 1090 1793 largus
1114 1729 1150 1774 es
1173 1713 1386 1796 pauperibus,
1410 1748 1444 1769 ·‚

281 1824 359 1901 post
379 1838 520 1902 pauper,
545 1822 579 1881 et
600 1819 754 1899 uetabas,
961 1817 1126 1898 perfectus
1149 1817 1329 1882 sanctitate.

237 2007 334 2086 Quod
354 2009 478 2073 vultum
499 2000 601 2073 mutat
624 2007 784 2088 crebrius,
919 2007 1077 2076 Columba
1098 2010 1213 2075 doctus
1237 2011 1370 2076 disseris

245 2110 341 2195 'sed
363 2111 466 2198 refert
487 2111 672 2196 adjuratus,
933 2121 1089 2179 secreta
1111 2115 1360 2197 seripturarum,
1503 2119 1546 2182 50

236 2213 324 2299 quod
346 2214 484 2298 angelus
507 2215 549 2277 sit
571 2214 724 2298 proprius
913 2213 1013 2296 juges
1036 2215 1219 2296 languores.
1233 2211 1366 2298 pateris:

169 2375 172 2380 .
279 2339 301 2382 a
324 2316 388 2382 deo
410 2317 468 2381 tibi
490 2316 594 2381 datus.
660 2317 662 2322 '
821 2317 864 2379 20
961 2316 1156 2401 doloresque
1174 2338 1360 2404 poenarum,
1400 2327 1404 2334 '

234 2507 317 2574 (lum
339 2528 459 2594 papam
480 2509 663 2592 inguinaria
916 2507 985 2574 Sed
1008 2511 1114 2574 versis
1132 2511 1212 2594 jam·
1225 2513 1417 2578 moeroribus
1448 2495 1451 2502 ⁵

280 2612 442 2680 decedere
465 2615 590 2696 coegit,
959 2622 993 2678 ct
1014 2614 1142 2679 fletibus
1164 2616 1196 2679 in
1219 2616 1320 2682 risum

235 2716 339 2782 omnis
360 2711 508 2782 Romana
530 2715 620 2780 cuda
910 2717 982 2801 jam
1002 2736 1123 2804 pansas
1146 2740 1166 2784 a
1190 2719 1358 2788 doloribus
1501 2725 1544 2788 55

147 2851 152 2857 ·
277 2822 312 2886 iu
333 2839 453 2905 papam
475 2827 507 2884 te
531 2820 646 2904 ebgit3
773 2829 775 2833 ’
955 2822 990 2885 in
1012 2821 1108 2886 deum
1129 2824 1270 2888 tendens
1290 2827 1402 2892 visun

232 3009 303 3076 Sed
326 3030 397 3100 cunr
419 3009 492 3075 baec
513 3008 700 3094 pestilentia
818 3008 860 3070 25
914 3011 961 3078 'l'e
984 3031 1095 3094 quaeso
1118 3013 1195 3078 mihi
1217 3015 1344 3082 venum

273 3107 406 3199 plebem
429 3113 536 3180 adhuc
556 3120 719 3195 vastaret,
957 3121 991 3179 et
1013 3114 1124 3197 fugam
1145 3115 1297 3186 vitiorum
1408 3111 1411 3116 ’

232 3224 269 3283 ut
290 3217 386 3301 plebs
407 3235 541 3300 precum
565 3215 718 3282 instantia
913 3237 1057 3302 exposce
1080 3220 1293 3302 deigratiam

228 3313 231 3321 ’
275 3321 454 3385 ferventius
477 3327 617 3402 oraret,
937 3330 990 3407 vet
1012 3324 1138 3408 copiam
1158 3324 1323 3392 donorunn
1499 3328 1542 3392 00

437 3449 452 3479 .
505 3463 510 3470 ,
867 3467 870 3470 ,

232 3509 315 3578 (lum
337 3512 465 3576 letaniis
487 3511 618 3602 instruis
681 3525 684 3528 ·
721 3504 723 3508 ’
911 3511 958 3578 'l’e
980 3515 1093 3598 flagito
1116 3517 1285 3600 attentius,

274 3616 356 3681 cleri
376 3615 652 3700 processionem,
815 3612 867 3678 3⁰·
948 3621 1157 3686 sanctissime
1180 3621 1337 3705 Gregori,
1349 3661 1364 3680 .·

230 3719 280 3784 sic
301 3721 454 3804 precibus
477 3718 617 3784 assiduis
911 3722 994 3786 assis
1015 3722 1093 3786 mibi
1114 3725 1290 3808 propitius,

274 3820 362 3889 hanc
383 3821 480 3888 sedas
501 3823 694 3906 passionem.
954 3819 1029 3890 dum
1046 3817 1098 3890 nne
1109 3829 1297 3911 ‘contingat‘
1309 3831 1406 3911 mori,

230 3987 303 4054 Deo
325 4008 446 4055 vacare
470 3987 597 4052 inhians
909 3987 953 4054 Et
975 3991 1016 4056 ab
1041 3997 1165 4056 aeterna
1186 3991 1291 4057 libera
1409 4003 1412 4008 '
1484 3997 1536 4064 ,65

272 4092 378 4157 latere
400 4091 587 4171 conabaris,
952 4113 1004 4158 rae
1027 4113 1126 4180 poena
1147 4096 1360 4178 reproborum

228 4197 378 4264 columna
399 4194 480 4260 lucis
503 4192 636 4258 radians
814 4191 855 4254 ³5
908 4206 942 4262 et
963 4204 1069 4263 tecum
1091 4197 1155 4262 duc
1172 4205 1262 4262 trans
1284 4199 1408 4264 aethera

270 4311 305 4368 te
328 4301 455 4387 prodit,
477 4299 654 4366 revocaris.
950 4301 983 4388 in
1006 4300 1127 4386 gaudia
1148 4303 1341 4368 sanctorum.

227 4487 230 4492 ¹
265 4461 268 4467 ’
313 4455 520 4532 Stiassburger
533 4461 580 4517 lls.
598 4458 630 4514 K
648 4459 708 4514 316.
732 4457 856 4514 111172.
880 4460 933 4531 (S)
956 4461 1013 4516 und
1034 4461 1226 4518 Reichenauer
1249 4461 1391 4532 Pup-lle.
1416 4463 1471 4520 Nc.
1489 4465 1534 4520 36.

225 4551 271 4608 Bl.
289 4553 340 4606 191
369 4551 426 4620 (R)
450 4549 499 4604 des
519 4545 552 4603 '15
569 4547 668 4606 Jahrb.
692 4563 728 4604 nu
745 4546 910 4602 Karlsruhe.
956 4548 1004 4604 lls.
1032 4565 1066 4604 uu
1095 4547 1233 4606 hlhnohen
1258 4550 1326 4606 Olm.
1345 4551 1423 4604 3012.
1450 4546 1531 4606 sou.

224 4642 261 4694 15
277 4639 376 4695 dabrh.
402 4638 467 4708 (0).
508 4637 574 4697 von
591 4636 653 4694 dem
669 4633 754 4693 Prior
773 4636 885 4715 Kourat
907 4650 966 4693 von
984 4635 1116 4710 Gauiug,
1152 4641 1236 4696 unter
1254 4637 1362 4714 desseu
1380 4637 1532 4697 Gedichten

223 4727 318 4786 dieses
335 4725 403 4788 Lied
419 4727 505 4784 steht
