3326 5322
225 523 302 593 Ave
329 525 451 592 decora
472 523 597 608 specie,
696 567 699 570 -

227 629 315 694 salus
339 629 436 694 totius
458 629 590 711 gratiae,

227 731 270 796 da
292 732 381 810 mihi,
404 738 507 796 mater
528 731 658 812 gratiae,

226 835 377 898 virtutem
400 834 574 918 patientiae.
792 835 850 899 ·20

225 1019 303 1087 Ave
325 1022 385 1084 llos
407 1021 589 1105 pudicitiae,

224 1130 337 1207 optata
361 1122 420 1185 des
443 1123 638 1202 clementiae,

224 1233 257 1291 te
281 1243 392 1307 quaeso
415 1242 519 1308 prona
541 1225 641 1305 facie,

222 1328 274 1392 fer
297 1327 413 1392 donum
433 1321 640 1411 priuilentiae.

223 1504 300 1572 Ave
323 1509 423 1573 decus
446 1509 609 1593 puellare,
807 1511 848 1573 25

223 1616 458 1697 praesens-hoe
481 1632 653 1697 compesce
676 1633 783 1695 mare,

224 1734 288 1797 quo
311 1737 362 1780 me
386 1717 480 1780 vides
502 1717 676 1797 fluctuare,

223 1820 278 1883 lac
301 1820 342 1882 ad
365 1828 492 1902 portum
515 1821 686 1902 remigare.

223 1997 299 2066 Ave
323 1999 376 2063 dei
398 2019 458 2064 vas
482 2000 636 2082 electum,

223 2106 305 2168 ebur
324 2104 457 2185 signans
480 2105 563 2170 bene
588 2113 726 2190 sectum,
808 2109 850 2171 3¹0

223 2208 287 2271 iter
308 2226 414 2270 meum
437 2207 542 2272 torma
564 2216 706 2292 rectum,

223 2316 260 2373 nt
281 2308 430 2374 incedam
453 2329 515 2394 per
537 2309 702 2378 directum.

223 2488 299 2553 Ave
322 2489 413 2571 quies
436 2491 641 2574 punitorum,
693 2515 696 2520 ·

224 2590 425 2655 sublevatrix
446 2592 662 2676 perditorum,

223 2695 377 2758 miserere
401 2694 592 2760 delictorum
808 2701 849 2763 35

220 2798 290 2881 jam
312 2817 455 2864 meorum
478 2799 711 2867 defunctorum.

224 2976 299 3042 Ave
323 2979 410 3042 salus
434 2979 626 3046 alllictorum

224 3091 258 3145 et
280 3100 356 3164 spes
379 3081 472 3146 firma
495 3086 722 3170 contritorum,

224 3186 286 3250 mei
310 3206 432 3252 mernor
453 3196 488 3251 et
508 3208 652 3254 meorum

225 3290 270 3352 sis
293 3289 439 3354 vivorum
463 3295 725 3376 propinquorum.
807 3298 848 3362 lo

223 3467 299 3536 Ave
323 3472 433 3537 liumus
456 3495 516 3558 pes
539 3477 723 3560 lapsorum,

224 3574 317 3638 solve
340 3596 458 3641 nexum
481 3578 670 3646 delictorum

225 3684 258 3741 et
281 3677 402 3760 largire
426 3681 665 3747 commodorum

223 3782 317 3846 nobis
340 3784 466 3866 copiam
490 3794 685 3853 cunctorum.

223 3960 299 4027 Ave
322 3967 439 4030 victrix
458 3969 637 4052 logicorum
805 3973 847 4040 115

224 4067 419 4150 militumque
443 4070 668 4156 ducentorum,

221 4178 339 4253 perte
362 4170 509 4238 Christus
532 4165 620 4257 quos
638 4179 680 4242 ad
703 4182 837 4247 eliorum

223 4276 417 4339 convocavit
438 4277 625 4346 electorum.

224 4455 298 4522 Ave
321 4477 470 4544 propago
494 4467 623 4550 nobilis,

222 4569 346 4644 martyr
368 4563 610 4652 insuperabili,
804 4579 845 4642 50

821 527 825 538 “
900 525 957 590 rue
979 525 1080 590 hostis
1103 532 1139 590 ut
1161 527 1315 592 terribilis

906 625 1063 690 adversus
1085 644 1139 692 me
1161 627 1203 692 sit
1225 627 1350 694 debilia

904 806 980 874 Ave
1003 807 1115 874 schola
1138 808 1330 894 disciplinae,

905 911 1008 978 dulcis
1032 910 1097 976 dux
1119 919 1153 976 ct
1175 914 1230 977 lox
1254 913 1394 994 reginae,

905 1031 976 1076 cum
1000 1033 1063 1094 qua
1087 1012 1198 1078 adstas
1221 1011 1290 1076 sine
1312 1013 1377 1078 fine
1490 1018 1538 1078 55

776 1139 779 1146 ·
904 1115 1001 1182 laciei
1018 1116 1088 1200 jam
1112 1115 1240 1182 divinae.

904 1297 980 1362 Ave
1002 1298 1107 1362 forma
1132 1299 1317 1382 virginalis,

901 1411 984 1466 rotae
1007 1403 1223 1486 contemptrix
1245 1403 1402 1486 poenalis,

901 1505 956 1569 dei
979 1514 1013 1571 at
1034 1507 1154 1572 valaris
1176 1508 1254 1589 alis,

843 1633 847 1642 ·
901 1631 963 1676 nec
987 1613 1129 1676 turbaris
1152 1613 1225 1677 ullis
1247 1612 1348 1679 malis.
1408 1650 1411 1656 ·
1489 1615 1537 1678 60

902 1789 978 1857 Ave
1000 1791 1179 1858 Katheriua
1201 1795 1304 1875 bona,

901 1902 990 1960 tecta
1013 1895 1129 1977 gloriae
1152 1894 1294 1975 corona,

902 1996 966 2060 hoc
988 2003 1021 2060 te
1042 1981 1177 2079 precor,
1201 1996 1320 2061 donum
1343 1996 1445 2080 dona,

901 2101 980 2164 mihi
1001 2101 1062 2166 lias
1084 2101 1173 2184 quod
1194 2109 1343 2184 patrona

901 2279 978 2352 Ave
1001 2283 1097 2364 virgo
1120 2281 1215 2344 samae
1237 2283 1350 2362 bonae,
1487 2281 1531 2342 65

904 2389 945 2451 ab
969 2386 1100 2468 antiquo
1123 2407 1174 2451 me
1195 2387 1353 2470 praedone

904 2499 938 2557 et
960 2512 979 2556 a
1001 2492 1106 2556 luctus
1129 2492 1266 2573 regione

902 2597 997 2662 salva
1018 2597 1130 2662 mortis
1152 2596 1184 2659 in
1208 2612 1323 2678 agone.

901 2778 977 2845 Ave
1001 2780 1118 2844 dilecto
1142 2778 1276 2853 dilecta,

903 2885 995 2969 cujus
1018 2890 1141 2965 martyr
1164 2901 1200 2944 es
1221 2881 1353 2960 effecta,
1486 2879 1529 2941 70
1597 2917 1600 2924 -

902 2990 1037 3054 caritate
1060 3007 1112 3049 me
1133 2977 1284 3068 perlecta

901 3093 1005 3174 muni,
1027 3090 1093 3154 lide
1116 3107 1239 3173 speque
1262 3094 1361 3152 recta.

901 3269 978 3336 Ave
999 3291 1103 3334 verax
1125 3269 1218 3336 testis
1243 3267 1378 3348 Christi,

901 3395 961 3459 per
985 3393 1079 3455 quem
1102 3374 1201 3435 vitam
1224 3369 1388 3453 reperisti,

901 3476 1048 3560 gaudens
1072 3474 1173 3538 coelos
1196 3472 1428 3554 conscendisti,
1484 3473 1525 3536 '15

902 3579 1032 3664 quando
1053 3587 1187 3644 mortem
1211 3577 1388 3662 perdidisti.

901 3761 976 3827 Ave
1000 3763 1167 3846 speculum
1190 3755 1359 3843 virtutum,

900 3867 934 3928 in
956 3865 1126 3948 procinctu
1150 3865 1356 3928 constitutum

901 3988 951 4031 me
974 3967 1154 4031 indemnem
1178 3967 1294 4048 lacque
1318 3974 1440 4048 tutum,

900 4073 1026 4136 hostem
1049 4073 1229 4155 reprimens
1252 4083 1427 4136 versutum.
1465 4072 1528 4136 180

899 4255 975 4324 Ave
999 4258 1094 4324 dulce
1118 4258 1340 4338 consolamur,

899 4381 999 4445 posce
1022 4368 1164 4444 patrem,
1188 4369 1312 4442 natum,
1335 4361 1466 4444 flamen,

899 4475 935 4532 ut
956 4467 1094 4532 futurum
1116 4475 1192 4551 post
1215 4487 1351 4530 examen

899 4589 959 4635 nos
983 4591 1055 4636 cum
1073 4570 1171 4656 justis
1195 4578 1299 4636 vocet.
1334 4589 1437 4634 amen.

307 4708 511 4818 Stiassburger
528 4749 574 4806 lis.
592 4752 622 4807 ll.
642 4755 701 4809 135.
721 4755 762 4812 Bl.
782 4761 911 4816 112-15.
929 4759 979 4815 des
999 4759 1032 4812 1⁵
1050 4757 1149 4815 dahrlr.
