3338 5324
131 522 239 589 Vitam
261 539 333 590 cum
356 527 459 586 matre
481 518 612 604 pietatis
816 518 917 598 Quem
939 509 1116 604 pronubis
1139 521 1344 606 deprecare,¹
1417 557 1420 565 ·

131 627 252 692 duxisti
274 633 307 690 et
328 623 540 709 perennitatis
813 629 850 686 nt
874 622 908 686 in
929 621 1145 690 hora'mortis
1168 625 1256 690 clare

173 728 328 794 heredem
351 729 405 812 pie
427 726 572 805 donasti,
709 811 715 820 .
860 724 924 790 tuis
945 723 1098 816 precibus
1121 725 1331 814 adjuvemur,
1403 728 1443 792 1'5

129 919 167 985 In
191 919 364 1004 subsidium
387 897 590 1002 paupertatis
670 921 674 926 '
718 915 757 978 to
809 911 1009 1006 Finitavita
1031 916 1200 1000 hospitare

129 1023 253 1087 intrans
277 1022 450 1087 claustrum
473 1021 644 1106 claritatis,
810 1037 883 1084 eum
904 1017 1008 1083 Jhesu
1031 1018 1161 1084 Christo
1185 1029 1218 1087 et
1241 1041 1373 1088 coenare

173 1126 206 1190 in
229 1142 293 1209 quo
317 1123 447 1190 Christo
469 1122 653 1204 famulasti3
852 1127 976 1186 etcum
999 1120 1112 1185 electis
1134 1121 1342 1204 gratulemur.

218 1309 350 1378 Pap-Hs.
367 1323 425 1362 von
441 1300 602 1364 Reichcnau
621 1325 656 1363 nn
675 1307 832 1364 Karlsruhe
855 1307 909 1362 No.
929 1307 972 1361 36.
991 1305 1034 1362 Bb
1052 1307 1113 1362 207.
1137 1323 1188 1363 ans
1206 1307 1269 1364 dem
1284 1311 1320 1363 '15
1338 1303 1432 1366 sanis

131 1395 205 1451 ohne
223 1394 396 1466 Abtbeilung
414 1393 464 1450 der
483 1393 571 1450 Versa
590 1395 647 1450 und
665 1394 819 1466 Strophen.

617 1679 703 1754 949.
745 1679 804 1752 De
831 1678 961 1752 eadem.

131 1880 208 1948 Ave
231 1881 417 1964 (leutrudis,
440 1883 536 1964 virgo
559 1889 672 1965 grata,
812 1881 957 1965 Ovirgo
980 1883 1229 1964 misericordiae,

133 2005 175 2048 ex
197 1985 302 2067 regali
325 1985 426 2070 stirpe
448 1991 540 2066 nata,
811 1983 950 2048 feliciter
972 2002 1030 2049 ora
1399 1987 1441 2054 lo

23 2159 26 2164 ¹
132 2087 282 2169 leprosos
305 2086 460 2150 mundare
484 2104 548 2151 non
571 2087 724 2170 sprevisti
811 2084 947 2150 Jhesum
969 2085 1085 2152 Mariae
1107 2087 1224 2170 filium,

132 2189 175 2252 ob
198 2205 340 2251 amorem
363 2187 467 2254 Jhesu
491 2186 627 2270 Christi,
812 2193 846 2251 ut
869 2187 963 2251 nobis
986 2187 1041 2252 det
1064 2189 1217 2254 auxilium

133 2291 230 2356 caeeis
251 2291 337 2355 viam
359 2292 604 2373 demonstrasti,
739 2295 757 2354 5
812 2290 987 2372 benignum
1010 2298 1043 2355 et
1065 2293 1239 2375 hospitium

12 2471 51 2486 ,y
114 2410 294 2476 ⁴pauperes
318 2400 351 2456 et
372 2393 477 2457 nudos
502 2393 685 2478 collocasti,
812 2412 898 2467 nnuc
920 2401 954 2458 et
976 2395 1008 2457 in
1030 2395 1260 2478 perpetuum

176 2496 291 2578 quibus
314 2505 348 2560 tu
370 2496 513 2579 hospitia
854 2497 887 2560 in
913 2514 972 2562 suo
995 2498 1119 2579 palatio
1326 2569 1329 2574 Α
1400 2502 1441 2562 15

177 2597 294 2663 dedisti
310 2598 515 2694 'suauissima
856 2619 927 2664 cum
946 2606 1070 2664 aeterno
1093 2601 1222 2684 gaudio.
1257 2669 1259 2674 ,

219 2783 351 2840 Daselbst
369 2787 432 2856 (R),
454 2787 526 2842 auch
543 2787 580 2840 im
599 2745 735 2841 llortulus
754 2774 853 2840 animae
872 2743 985 2840 31:135
1003 2785 1069 2856 (ll).

224 2892 319 2962 asel.
338 2904 411 2963 felle
428 2908 459 2963 s.
512 2910 584 2964 cu
602 2907 675 2964 feno
691 2909 724 2964 a
779 2912 854 2964 reu
872 2906 945 2968 secu
962 2911 992 2964 11
1047 2909 1142 2967 anis.
1161 2909 1233 2969 seue
1250 2911 1283 2968 Η.
1339 2911 1373 2964 10
1390 2908 1441 2966 usa

132 2995 243 3050 Reimes
261 3011 363 3066 wegcn
381 2995 467 3051 sollte
487 2999 559 3052 nach
578 3013 631 3052 ora
649 2991 725 3052 etsta
743 2997 788 3069 pie
807 2997 912 3056 stehen.
950 2995 1120 3054 1111111111.

371 3327 377 3336 ·
453 3281 540 3355 950.
575 3269 750 3354 Gereonis
780 3293 815 3354 et
842 3285 1017 3355 sociorum
1042 3282 1127 3382 ejus.
1250 3289 1252 3292 ’

133 3493 300 3577 Majestati
323 3503 541 3560 sacrosanctae
648 3581 652 3586 ¹
814 3497 913 3562 Cives
935 3497 1050 3562 domus
1073 3497 1252 3563 Pharaonis

134 3598 272 3662 militans
294 3617 366 3663 cum
390 3601 605 3683 triumphante
815 3597 979 3667 civitatem
1000 3603 1135 3667 visionis
1205 3597 1208 3606 '
1250 3599 1254 3606 ’
1433 3683 1435 3686 ¹

172 3701 291 3784 jubilet
314 3703 454 3767 ecclesia
857 3708 989 3771 visitant
1010 3715 1043 3770 et
1064 3707 1256 3791 praesulem,
1320 3739 1338 3789 ὅ
1402 3705 1443 3768 15

134 3805 176 3869 de
198 3806 361 3890 triumpho
384 3806 598 3874 Thebaeorum
693 3808 697 3816 '
815 3829 919 3893 aquo
942 3812 1028 3876 sacri
1050 3809 1256 3877 catechismi

135 3916 168 3973 et
191 3909 294 3974 salute
317 3919 525 3994 peccatorum
581 3911 584 3917 '
700 3975 703 3982 ,
741 3915 760 3976 5
816 3913 1026 3978 sacramentis
1048 3921 1082 3977 et
1104 3913 1255 3996 baptismi
1314 3916 1318 3922 ’

98 4029 103 4038 ’
175 4031 237 4101 per
260 4013 375 4078 horum
395 4015 563 4100 suffragia.
806 4077 812 4087 ,
854 4017 1042 4083 imbuuntur
1066 4019 1181 4100 gratia.
1412 4005 1415 4012 ’

134 4203 178 4270 lli
199 4210 272 4268 sunt
294 4204 356 4268 viri
378 4208 580 4289 testamenti,
815 4207 928 4274 Romae
951 4206 1016 4270 fide
1040 4205 1236 4294 confirmati,

135 4307 191 4389 qui
212 4307 336 4371 ruinam
359 4307 542 4373 detrimenti
685 4328 689 4335 ·
817 4317 926 4376 castra
947 4317 1079 4374 movent
1101 4308 1243 4374 comitati
1362 4394 1366 4402 Ι

179 4418 335 4492 reparant
359 4414 513 4495 angelici,
744 4429 751 4442 ‘
859 4413 1078 4486 Romanorum
1100 4413 1241 4494 aquilas:

134 4513 199 4576 viu
222 4513 324 4576 fortes
347 4517 418 4577 vers
439 4498 560 4598 osvin,
722 4518 761 4582 10
817 4513 867 4582 ets
890 4517 1037 4602 profanis
1059 4514 1228 4597 immolare·
1335 4504 1339 4512 ’
1431 4503 1436 4510 ’

137 4618 252 4700 quibus
276 4615 388 4681 hostes
410 4620 611 4702 expugnavit
812 4621 909 4706 jubet
930 4639 1034 4686 caesar
1058 4627 1091 4684 et
1112 4637 1246 4688 vocare,
1304 4605 1305 4609 ’
1430 4704 1438 4715 .

180 4741 326 4806 carnem,
350 4724 515 4809 mundum,
540 4724 759 4824 daemonem..
861 4727 1078 4818 Thebaeorum
1102 4725 1239 4812 agmina
1289 4771 1293 4780 .
1332 4767 1345 4818 ,

180 4855 266 4912 mete,
283 4855 371 4902 retem.
387 4857 512 4913 uynnen.
533 4859 577 4926 ru.
1147 4826 1155 4837 “
1197 4826 1240 4891 21
