3332 5318
255 311 319 375 1⁷2

256 496 283 562 0
306 497 447 562 clemens
470 501 581 558 rector
602 493 751 576 polorum
933 489 1026 555 nobis
1049 487 1135 554 dona
1157 490 1306 573 praemia3
1521 493 1568 555 65
1652 576 1653 586 ¹

255 600 445 682 redemptor
465 604 498 661 et
521 603 723 676 cunctorum,
933 593 990 656 tibi
1011 593 1083 658 laus
1107 601 1140 657 et
1162 594 1278 676 gloria.

343 780 391 834 lls.
411 795 445 832 nu
462 773 702 833 Pommersfelden
722 773 767 850 bei
785 773 934 844 Bamberg,
952 773 1006 828 No.
1020 775 1098 827 2926.
1119 773 1168 828 des
1188 777 1221 827 11
1239 774 1337 832 lauth.

345 904 377 954 11
397 917 494 972 congr.
513 901 581 970 disp.
600 899 646 952 113.
666 913 761 970 gagen
780 897 833 952 den
851 896 937 951 Reim
974 897 1007 950 18
1026 897 1153 967 plurimis
1172 894 1380 968 tonitralia.
1399 912 1492 970 gagen
1507 899 1569 954 das

255 989 410 1044 Versmass.
446 989 482 1042 29
500 987 680 1055 instruxerat,
699 986 746 1040 lls.
782 987 817 1038 32
837 983 1005 1054 corrigeret,
1025 985 1071 1038 lls.
1108 987 1143 1038 36
1163 986 1210 1056 qui
1228 983 1301 1040 fehlt
1319 986 1370 1040 der
1387 986 1435 1041 Hs.
1471 989 1508 1040 3⁹1
1527 988 1572 1042 ad
1653 983 1656 1012 ¹

253 1076 326 1133 fehlt
344 1076 394 1131 der
410 1075 458 1132 Hs.
494 1078 530 1130 11
547 1073 595 1130 fir
613 1075 676 1147 ejus
694 1075 745 1128 liat
762 1073 806 1126 die
824 1071 873 1126 Hs.
892 1070 1043 1142 pontificis,
1062 1089 1114 1128 aus
1129 1074 1190 1128 dem
1205 1072 1359 1145 folgenden
1372 1075 1569 1131 Vers'hieher

254 1180 390 1237 genogen.
426 1166 459 1216 51
478 1167 670 1234 attemptatur,
689 1161 736 1218 113.
755 1160 827 1215 nach
846 1158 897 1213 der
914 1159 1094 1232 Schreibung
1114 1161 1163 1216 des
1181 1161 1370 1218 llittelalters.
1471 1174 1474 1180 ’

597 1445 682 1518 767.
721 1444 779 1514 De
806 1467 834 1514 3.
857 1442 949 1515 Afra
977 1445 1220 1543 (troparium).

173 1709 177 1718 ·
254 1673 283 1734 1.
317 1669 434 1752 Grates
458 1669 520 1733 deo
726 1725 729 1730 .
996 1660 1143 1732 Flamma
1166 1668 1271 1734 sancti
1293 1668 1424 1752 spiritus

319 1781 353 1837 et
374 1773 478 1837 honor
504 1773 568 1836 sint
607 1747 619 1772 ⁰
799 1815 801 1820 -
998 1773 1143 1859 iniciata,

318 1896 379 1960 per
402 1877 538 1957 saecula,
998 1877 1057 1940 sed
1079 1879 1156 1960 igne
1177 1879 1337 1942 materiali

998 1987 1230 2065 consummata,
1369 2017 1373 2025 ι
1520 1981 1572 2047 30·

900 2081 902 2086 ’
998 2105 1108 2148 aurem
1131 2084 1238 2149 cordis
1262 2084 1304 2148 ad
1326 2083 1424 2149 fidem
1492 2113 1494 2118 ¹

997 2186 1224 2268 inclinaverat,

318 2011 378 2089 Qui
401 2013 433 2076 in
457 2013 578 2076 sanctis

319 2117 385 2180 suis
408 2116 486 2181 facit
858 2121 877 2180 5

317 2216 501 2286 mirabilia(

996 2339 1039 2405 m
1057 2340 1127 2424 jam
1150 2342 1234 2404 intus
1257 2340 1491 2424 praegustando
1533 2403 1540 2417 ,
1658 2350 1659 2382 r

995 2443 1130 2508 dextros
1153 2440 1322 2528 am'plaxus
1346 2443 1492 2526 viderat,

997 2548 1084 2630 quod
1105 2568 1165 2614 rex
1189 2549 1331 2631 speciem
1350 2551 1421 2612 eius
1517 2549 1563 2612 35

319 2637 405 2718 Ovis
419 2653 547 2735 perdita
570 2653 821 2718 misericorditer
874 2719 876 2723 ,
997 2652 1215 2735 concupierat.

318 2765 369 2821 est
390 2759 523 2821 inventa
546 2765 579 2820 31
601 2757 773 2840 diligenter
836 2759 876 2822 10

181 2409 184 2414 ’
253 2397 283 2474 2.
315 2409 416 2494 Cujus
432 2412 473 2474 ab
490 2416 612 2474 aeterno
631 2418 663 2475 et
678 2414 719 2477 ab
736 2409 881 2496 antiquis
907 2409 910 2414 ’

317 2511 465 2616 ordinati
489 2513 648 2598 sapientia

246 2909 249 2914 ·
316 2893 426 2972 Domo
443 2874 560 2958 eversa
582 2891 735 2978 reperta
932 2895 961 2957 5.
992 2892 1076 2957 Nam
1098 2891 1353 2992 illa-'Sunamitis

318 3004 368 3060 est
391 2997 545 3061 drachma
568 2996 692 3063 decima
764 3059 766 3064 ,
997 3003 1031 3060 31
1052 2996 1119 3060 filia
1142 2997 1305 3078 audierat,

316 3101 350 3163 in
374 3101 559 3166 beatissima

318 3204 370 3269 dei
393 3212 536 3289 marty„
558 3203 653 3272 Ast,
997 3152 1079 3230 Quia
1100 3153 1241 3218 coelestis
1263 3161 1358 3238 pater

994 3257 1098 3335 illam,
1122 3265 1156 3320 ut
1178 3265 1419 3344 reverteretur,
1513 3261 1558 3323 40
1658 3277 1659 3348 1

250 3396 280 3460 3.
312 3394 417 3460 Hodie
441 3398 607 3462 cuiusdam
628 3406 661 3462 et
836 3400 875 3460 15
991 3366 1217 3422 f⁰V⁰⁰³V⁰f³t·

316 3517 395 3562 vere
418 3501 605 3581 singularia,
628 3500 725 3564 immo
821 3511 827 3546 ¹
996 3510 1118 3579 Sancto
1141 3514 1239 3596 igitur
1261 3512 1415 3577 Narcisso

315 3603 456 3666 coelestis
478 3603 615 3672 hominis
638 3603 704 3667 11113
711 3649 720 3686 ,
995 3617 1041 3680 illi
1064 3616 1264 3700 praedicante
1287 3617 1393 3680 statim

314 3736 464 3823 Accepta
485 3740 545 3804 sed
568 3740 724 3823 dissipata
762 3761 764 3764 ·
996 3719 1038 3783 ad
1061 3739 1206 3788 mensam
1227 3721 1330 3803 Patri*
1353 3718 1457 3784 rediit·

315 3850 439 3906 naturae
463 3850 497 3906 et
518 3842 655 3906 rationis

316 3949 512 4035 substantia,
833 3949 875 4010 20
929 3953 959 4016 6.
990 3950 1034 4015 m
1057 3951 1160 4016 civem
1183 3951 1288 4032 illum,
1312 3951 1364 4015 cui
1512 3954 1557 4016 45

316 4083 464 4149 vivendo
486 4084 665 4166 luxumse,
981 4055 1073 4120 mala
1098 4041 1254 4136 adlraesit,
1277 4053 1430 4118 deseruit.

315 4187 513 4250 sollemniter
536 4187 710 4250 revertitur
894 4239 896 4244 .
992 4215 1035 4279 E,
1058 4235 1131 4297 quae
1155 4222 1284 4278 centum
1306 4211 1406 4277 cados
1430 4212 1463 4276 01
1464 4213 1496 4276 ei

298 4289 357 4353 ue
380 4289 517 4370 regi⁰¹¹⁰
537 4288 722 4370 ¹⁰⁰gi¹¹q¹¹a·
993 4319 1121 4384 domino
1145 4337 1203 4383 suo
1227 4317 1366 4382 reddere
1388 4317 1516 4400 debuit,

247 4475 277 4536 1.
310 4470 415 4536 Hodie
439 4471 552 4574 eadam
575 4475 712 4558 pulchra
991 4476 1142 4561 Accepta
1166 4469 1315 4542 cautione
1657 4445 1659 4550 i

311 4575 378 4639 filia
402 4577 513 4660 populi
533 4577 582 4640 sui
830 4582 871 4643 25
992 4588 1269 4645 sacramentorum
1294 4596 1424 4642 suorum
1513 4578 1556 4640 50

312 4689 345 4744 31
369 4679 482 4746 domus
504 4683 607 4765 patris
627 4684 743 4766 oblita,
992 4685 1125 4769 scripsit
1147 4684 1209 4749 sibi
1231 4681 1465 4768 quinquaginta
