3294 5322
358 799 468 875 1059.
503 799 561 869 De
582 821 609 869 s.
632 795 749 868 Maria
774 792 1013 894 Magdalena,
1039 793 1085 867 od
1111 793 1384 894 completorium.

217 1035 246 1124 0
269 1035 391 1118 Maria,
413 1033 480 1100 noli
501 1033 597 1116 llere,
898 1031 974 1098 Jam
996 1050 1061 1097 non
1082 1031 1198 1114 miror,
1221 1033 1249 1094 si
1271 1031 1402 1097 nescisti

260 1141 334 1224 jum
353 1156 419 1204 non
443 1155 573 1220 quaeras
596 1136 707 1218 alium,
941 1136 1146 1218 magistrum,
1171 1133 1244 1200 dum
1267 1137 1417 1219 seminat,
1481 1139 1527 1204 20
1633 1205 1635 1234 d

218 1241 411 1306 hortulanus
433 1238 487 1303 hie
510 1244 560 1300 est
582 1257 662 1300 vere
700 1303 702 1307 ,
899 1257 1027 1320 semen,
1050 1237 1137 1320 quod
1160 1246 1211 1304 est
1232 1241 1368 1306 verbum
1391 1238 1527 1324 Christi,
1634 1241 1635 1248 ’

224 1407 227 1416 ,
265 1351 300 1408 et
318 1343 454 1408 colonus
477 1340 646 1420 mentium,
855 1360 858 1366 ·
942 1350 975 1408 te
997 1343 1101 1425 magis
1121 1343 1279 1408 illuminat

220 1445 443 1511 meranensis
466 1443 596 1508 hortum
617 1461 727 1524 quaere
827 1443 846 1502 5
899 1457 932 1514 et
956 1445 1132 1533 „rabbonff
1152 1448 1367 1532 respondisti,

264 1548 380 1612 mentis
404 1547 600 1630 operarium.
942 1572 1015 1619 oum
1037 1553 1175 1618 Mariam
1197 1553 1348 1617 nominat.

218 1764 314 1837 Unde
336 1767 486 1850 planetus
510 1773 543 1829 et
565 1766 753 1845 lamentum,
898 1764 1005 1832 Pedes
1028 1763 1149 1829 Christi
1172 1784 1244 1847 quae
1267 1764 1390 1844 lavisti,
1482 1765 1529 1826 25

263 1870 350 1953 quod
372 1878 479 1935 mente
501 1887 588 1936 nuno
609 1869 727 1950 erigis,
942 1870 1032 1933 fonte
1054 1869 1123 1933 lota
1145 1871 1278 1952 gratiae,

221 1973 299 2058 quid
322 1974 469 2037 revolvis
491 1970 753 2037 monumentum?
899 1993 993 2056 quem
1017 1975 1058 2037 ab
1080 1973 1153 2055 ipso
1176 1972 1344 2055 recepisti,

264 2086 371 2143 teeum
395 2085 463 2158 est,
486 2096 580 2159 quem
604 2073 730 2156 diligis,
806 2073 845 2136 10
941 2078 1041 2144 funde
1063 2096 1171 2143 rorem
1193 2079 1314 2159 veniae,

218 2181 335 2248 Jesum
358 2181 478 2263 quaeris
501 2188 534 2244 et
555 2181 721 2246 inventum
898 2183 1116 2264 resurgentis,
1139 2201 1234 2264 quem
1256 2180 1383 2264 vidisti,

263 2285 386 2366 habes,
409 2301 472 2347 neo
494 2283 657 2365 intelligis.
941 2283 995 2346 fao
1017 2290 1185 2346 consortes
1208 2281 1332 2365 gloriae.
1480 2283 1524 2345 30

219 2496 315 2566 Unde
339 2497 457 2580 gemis,
480 2495 567 2560 unde
589 2495 726 2579 ploras?
899 2499 1009 2566 Gloria
1033 2506 1066 2562 et
1087 2500 1191 2565 honor
1215 2498 1293 2580 deo,

264 2619 377 2665 verum
400 2599 503 2664 habes
528 2599 696 2681 gaudium,
941 2602 1033 2686 eujus
1055 2605 1173 2688 promit
1196 2603 1304 2684 gratia

218 2705 301 2770 latet
321 2705 355 2768 in
377 2711 429 2786 te,
453 2703 540 2786 quod
562 2704 713 2786 ignoras,
804 2705 843 2764 15
896 2703 1043 2768 invitanti
1066 2703 1231 2786 pharisaeo

263 2807 385 2871 doloris
408 2807 576 2890 solatium,
939 2809 1054 2873 Mariae
1078 2807 1237 2892 suspiria,

217 2912 304 2976 intus
327 2911 447 2994 habes,
471 2913 590 2995 quoeris
612 2912 717 2996 ieras,
896 2929 1021 2976 eoenam
1043 2910 1120 2974 vitae
1143 2909 1197 2992 qui
1220 2907 1276 2970 dat
1298 2923 1356 2970 reo
1480 2907 1525 2969 35

263 3013 430 3096 languoris
453 3014 639 3078 remedium.
939 3015 1055 3096 gratiae
1077 3020 1152 3099 post
1174 3011 1323 3099 prandia.
1475 3007 1479 3016 ’

309 3230 358 3286 Hs.
376 3247 411 3285 nu
424 3230 546 3300 colmar,
565 3233 669 3285 lle-15
683 3231 783 3286 Jahrh.
801 3230 852 3285 mit
869 3230 923 3284 den
937 3229 1115 3284 Musilrnoten
1130 3229 1192 3299 (0).
1229 3229 1313 3284 Steht
1326 3230 1353 3282 in
1367 3229 1525 3301 Predigten

218 3319 270 3378 tles
293 3318 469 3374 Bernardiuo
496 3336 554 3374 ven
579 3319 665 3374 Siena
692 3319 747 3388 (B)
773 3318 817 3374 als
843 3318 963 3390 hymnus
990 3317 1027 3372 ad
1053 3321 1227 3376 nocturnum.
1264 3317 1315 3371 Bei
1338 3318 1436 3372 Dooml
1463 3317 1521 3387 (D)

217 3405 266 3462 ns.
284 3422 320 3460 uu
337 3405 514 3461 Liehtenthal
533 3405 586 3478 (L)
605 3404 655 3458 des
675 3407 708 3461 tt
726 3404 827 3460 Jahrh.

307 3563 436 3616 tortum
454 3561 486 3629 l),
507 3575 540 3614 so
562 3561 638 3615 steht
655 3559 817 3631 gew'o'nlieh
834 3557 883 3615 fur
900 3561 1021 3616 hortum.
1057 3560 1074 3612 6
1093 3558 1203 3614 doloris
1221 3558 1371 3614 remedium
1389 3559 1420 3618 L.
1449 3559 1525 3614 Sed

215 3652 336 3705 mentem
353 3647 387 3718 L,
411 3649 440 3702 in
457 3651 578 3702 mentem
597 3661 647 3702 our
664 3663 721 3702 nen
739 3663 778 3702 er.
796 3649 835 3718 B,
860 3649 927 3719 quid
944 3653 1063 3704 mentem
1081 3663 1138 3704 nen
1155 3647 1186 3702 h.
1230 3649 1247 3702 9
1267 3647 1328 3717 quis
1346 3646 1473 3704 revolvit
1490 3646 1524 3716 L,

217 3735 293 3805 quod
311 3735 349 3804 0,
381 3749 442 3790 eum
467 3751 526 3789 rev.
544 3735 574 3788 Β.
625 3737 657 3787 11
683 3751 795 3805 quaeres
813 3736 844 3790 B.
895 3738 929 3790 12
948 3751 1000 3790 nee
1018 3735 1109 3806 ipsum
1125 3735 1173 3790 int.
1191 3734 1220 3789 1.
1266 3734 1391 3797 lluntle
1408 3734 1473 3788 hab.
1491 3734 1526 3790 L.

219 3821 255 3874 15
274 3827 351 3876 uerte
369 3819 415 3875 liir
433 3821 462 3875 in
481 3826 500 3876 t
518 3821 548 3876 B.
586 3824 620 3874 tv
638 3837 750 3890 quaeras
768 3823 799 3878 B.
836 3823 870 3877 18
889 3823 998 3878 tloleris
1016 3823 1070 3877 BL.
1098 3823 1132 3876 19
1150 3820 1270 3879 neseisoi
1288 3823 1319 3878 B.
1347 3823 1383 3876 et
1400 3819 1521 3878 llllriam

217 3905 282 3961 uum
299 3925 325 3963 n.
343 3909 396 3964 BL.
438 3911 473 3962 25
492 3925 563 3979 quos
582 3910 613 3962 h.
649 3911 684 3964 27
702 3927 786 3981 quam
806 3912 837 3965 B.
883 3913 919 3966 29
938 3911 1114 3982 resurgentis
1131 3911 1163 3965 D.
1203 3912 1239 3964 32
1258 3907 1378 3982 praefert
1395 3911 1435 3978 L,
1454 3926 1524 3980 pro-

216 3991 277 4050 fert
295 3996 327 4065 D,
345 4000 464 4066 praestet
481 3997 512 4050 Β.
546 3999 581 4051 33
600 3996 713 4053 invitati
730 3999 763 4053 B.

305 4149 339 4204 V.
356 4152 382 4204 3.
408 4150 582 4207 hortulanus.
617 4151 694 4208 Eheu
717 4168 751 4208 so
778 4151 903 4210 trefflieh
929 4153 1020 4206 heisst
1047 4149 1176 4206 Christus
1203 4152 1232 4208 in
1257 4151 1310 4206 den
1328 4150 1446 4206 hlenlien
1464 4171 1523 4221 φυ-

216 4233 336 4311 τουργὸς
353 4236 475 4308 πάντων,
502 4238 553 4294 der
573 4239 780 4310 Weltgttrtner.
812 4241 945 4310 Aug.17.
981 4240 1081 4296 Nonne
1100 4245 1145 4294 eet
1161 4239 1337 4308 hortulanus,
1357 4238 1404 4310 qui
1422 4238 1522 4309 posuit

216 4337 338 4394 granum
356 4325 462 4397 sinapis
480 4325 509 4380 in
527 4327 612 4384 hortu
631 4343 692 4396 suo,
712 4357 744 4368 -
764 4331 793 4384 et
813 4327 903 4384 erevit
921 4333 951 4382 et
967 4327 1113 4383 adscendit
1130 4332 1158 4382 et
1176 4324 1245 4382 lecit
1259 4326 1391 4381 arborem
1403 4330 1521 4398 tantam,

213 4414 246 4466 ut
264 4410 348 4467 etiam
365 4413 497 4470 volueres
516 4414 581 4470 coeli
598 4413 808 4485 requieseerent
824 4413 853 4468 in
871 4414 957 4470 ramis
974 4415 1058 4487 ejusl
1095 4416 1229 4487 Aequaliter·
1247 4430 1339 4471 sermo
1358 4415 1419 4483 tto,
1438 4415 1462 4474 3.
