3332 5318
1418 312 1483 376 155

181 527 184 532 ,
267 488 375 544 (idest.
394 486 467 543 fehlt
485 488 513 542 in
532 487 575 557 A,
602 487 785 544 destinandos
813 489 843 546 Ο.
885 493 920 544 22
938 461 1162 562 praemunivisset
1180 492 1241 561 ΒΟ,
1269 492 1388 549 incautis
1406 509 1483 566 saepe

178 575 295 632 evenire
313 591 409 647 praem.
427 576 458 632 Ο.
494 575 686 632 etmalorum
704 577 758 634 ΒΟ.
794 579 830 631 37
852 578 926 632 ohne
944 577 1050 634 Ahsatn
1069 579 1098 632 in
1117 580 1147 636 Ο.
1181 581 1217 634 39
1236 580 1283 636 dei
1299 581 1354 638 ΒΟ.

389 859 474 935 746.
513 862 570 932 De
593 858 753 958 pluribus
777 860 1049 934 confessoribus.
1080 863 1273 960 sequentia.

178 1082 241 1148 Hic
263 1042 365 1148 oculis
387 1101 428 1147 ac
449 1082 595 1147 manibus
855 1081 960 1166 Igitur
981 1090 1013 1148 te
1037 1084 1144 1150 cuncti

178 1186 213 1248 in
236 1184 353 1249 coelum
857 1185 1036 1268 poscimus,
1060 1201 1080 1248 o
1102 1184 1156 1265 N.,

180 1294 214 1352 et
236 1287 313 1351 totis
335 1286 458 1351 viribus
857 1297 892 1353 ut
915 1290 969 1372 qui
990 1289 1090 1354 multa
1111 1289 1192 1353 mira

179 1405 357 1472 suspensus
380 1445 383 1448 .
857 1393 910 1457 hic
932 1392 1118 1476 ostendisti,

178 1500 310 1556 terrena
333 1498 448 1557 cuncta
471 1491 612 1576 respuit3
784 1493 804 1554 5

857 1581 962 1645 Etiam
990 1579 1030 1644 de
1054 1581 1137 1660 coelo
1442 1581 1481 1645 15

178 1682 261 1768 Ejus
284 1683 333 1746 ori
355 1701 517 1763 nunquam
858 1685 996 1768 gratiam
1018 1681 1139 1747 Christi

179 1785 328 1850 Christus
351 1785 469 1866 abfuit,
857 1789 951 1853 nobis
975 1789 1159 1873 supplicatu

178 1889 250 1954 sive
268 1889 414 1972 justitia,
553 1981 556 1984 Ι
616 1975 618 1980 ,
791 1973 794 1978 Ι
857 1900 913 1956 tuo
937 1911 1067 1974 semper
1088 1891 1246 1956 infundas.

178 1992 235 2056 vel
258 1990 413 2075 quidquid
436 1988 478 2054 ad
500 2009 612 2054 veram

181 2091 288 2161 vitam*
303 2098 452 2180 pertinet.
766 2094 806 2157 10

268 2283 316 2336 Hs.
344 2282 392 2338 des
418 2282 609 2337 historischen
633 2279 751 2334 Vereins
774 2295 810 2334 an
834 2279 1019 2354 Klsgenfurt,
1048 2286 1081 2337 15
1100 2283 1198 2339 Jahrh.
1241 2281 1320 2340 Nach
1336 2284 1354 2337 2
1372 2283 1429 2338 und
1448 2283 1482 2337 16

176 2370 279 2426 stehen
292 2370 410 2450 Pnnhte,
430 2369 474 2424 die
492 2370 598 2442 andern
612 2368 701 2425 Verso
720 2367 783 2422 sinti
800 2369 877 2424 nicht
890 2370 1055 2442 abgetheilt,
1074 2370 1195 2426 sondern
1210 2386 1263 2426 nur
1275 2371 1320 2426 die
1330 2369 1481 2441 Strophen.

573 2688 659 2763 747.
698 2690 757 2762 De
783 2713 854 2760 uno
882 2687 1095 2760 contessore.

53 2943 61 2953 ·
177 2911 269 2978 Anni
292 2931 426 2978 recurso
449 2903 616 2994 tempore
858 2911 1072 2976 confessionis
1096 2910 1228 2994 ordine,

176 3015 250 3080 dies
273 3017 392 3080 reluxit
414 3016 560 3096 lumine,¹
852 3013 970 3098 jejuna
992 3016 1135 3080 membra
1159 3013 1310 3085 deterens
1441 3013 1481 3074 15

175 3137 242 3202 quo
262 3127 392 3184 sanctus
416 3119 469 3184 hic
492 3119 533 3182 de
556 3137 695 3201 corpore
858 3117 960 3202 dapes
983 3136 1141 3202 supernas
1165 3119 1297 3183 obtinet.
1407 3170 1409 3178 s

176 3222 288 3306 polum
310 3222 462 3305 migravit
481 3229 680 3304 praepotens.
892 3215 894 3218 ’

856 3362 933 3428 Plus
957 3347 1057 3426 currit
1077 3361 1110 3424 in
1135 3359 1309 3424 certamine

857 3464 1025 3530 confessor
1046 3465 1109 3528 iste
1132 3464 1291 3528 sustinens

857 3588 952 3651 quam
974 3575 1099 3650 martyr
1119 3568 1215 3632 ictum
1240 3566 1416 3648 sufferens,

856 3689 1009 3736 mucrone
1032 3671 1172 3736 fundens
1195 3670 1394 3753 sanguinem.
1438 3669 1481 3732 20

176 3410 239 3478 Hic
261 3430 348 3474 vana
370 3416 470 3473 terrae
493 3408 614 3493 'gaudia
784 3415 803 3476 5

177 3521 212 3578 et
233 3513 392 3578 lutulenta
413 3511 540 3595 praedia

175 3617 305 3701 polluta
328 3624 445 3681 cuneta
468 3616 643 3701 deputans,

177 3737 282 3784 ovans
303 3728 393 3784 tenet
416 3721 569 3788 eoelestia.

178 3907 242 3990 Te,
266 3906 412 3992 Christe,
434 3929 495 3972 rex
517 3910 678 3994 piissime,
855 3884 997 3984 Pf⁰i¹3d⁰
1017 3893 1065 3968 tes
1088 3885 1247 3970 Pii⁸⁸i¹¹¹⁰i

176 4012 230 4076 hio
252 4010 436 4078 confitendo
456 4011 581 4095 jugiter
763 4016 803 4079 10
847 4007 1027 4072 precamur
1050 4007 1160 4053 omnes
1185 3990 1367 4073 supplices,

177 4115 318 4179 calcavit
341 4115 468 4178 hostem
491 4116 619 4180 sortiter
856 4099 891 4156 Ut
913 4091 1009 4176 hujus
1033 4093 1108 4157 almi
1130 4093 1237 4176 grafia

176 4222 354 4304 superbum
376 4239 415 4286 30
438 4222 619 4286 satellitem·
855 4194 948 4257 nobis
971 4195 1115 4258 remittas
1139 4194 1256 4258 debita.

175 4408 340 4474 Virtutum
363 4420 435 4476 actu
460 4421 493 4476 et
515 4413 595 4495 fide,
857 4410 968 4475 Gloria
992 4411 1048 4475 tibi
1071 4420 1132 4475 etc.

266 4620 314 4673 lis.
334 4635 391 4675 von
410 4620 439 4676 S.
458 4621 544 4675 Peter
567 4638 602 4676 zu
620 4621 791 4689 Karlsruhe,
819 4622 853 4673 15
870 4618 969 4674 Jahrb.
997 4618 1048 4672 mit
1073 4618 1123 4673 der
1142 4592 1262 4672 Melodie
1288 4616 1345 4671 und
1361 4617 1412 4670 der
1429 4616 1482 4670 Be·

176 4705 329 4781 merkung:
349 4708 468 4779 Ruperti
486 4709 611 4779 abbatis,
630 4710 708 4765 Petri
725 4707 860 4779 episcopi,
878 4705 1005 4776 Remigii,
1024 4703 1210 4759 translatione
1225 4721 1247 4758 s.
1261 4701 1407 4758 Benedicti
1425 4718 1481 4760 non
