3308 5310
247 326 291 392 ih

245 515 328 580 Dum
355 519 464 578 mente
485 517 590 577 tracto
614 512 770 595 angelos,

245 600 423 704 prophetas
447 623 479 680 et
502 615 687 698 apostolos,

245 721 439 786 victoriosos
461 726 624 802 martyres

246 831 280 890 et
301 823 508 910 praepudicas
530 823 691 905 virgines:

244 1005 359 1072 Nullus
381 1005 458 1068 mihi
477 1004 657 1089 potentior,

244 1109 351 1190 nullus
373 1106 633 1188 misericordior,

245 1213 372 1278 illorum
394 1221 478 1295 pace
500 1211 652 1294 dixerim,

245 1315 374 1380 videtur
395 1322 497 1378 matre
521 1314 648 1379 domini.

246 1495 452 1577 Quapropter
473 1492 559 1556 hanc
580 1490 749 1574 praecipue

230 1606 415 1685 patronam
438 1616 542 1661 meam
565 1595 676 1659 lacere
713 1647 716 1660 .

244 1700 324 1763 nihil
345 1698 547 1780 religiosius,

244 1803 323 1867 nihil
344 1809 424 1886 puto
447 1800 617 1866 salubrius.
680 1839 682 1844 -
719 1863 724 1873 ,

119 2018 125 2028 -
244 1983 335 2066 Ergo
359 1992 462 2048 mater
484 1981 638 2052 melliflua

246 2095 279 2151 et
301 2088 397 2170 virgo
420 2086 643 2170 pudicissima,

244 2209 330 2256 nunc
353 2191 564 2275 inpraesenti
586 2191 740 2274 seutiam,

246 2314 342 2377 quam
365 2292 406 2358 de
429 2302 462 2358 te
485 2294 527 2359 do
551 2295 752 2360 senteutiam.

246 2475 314 2540 Mei
336 2475 501 2557 querelam
524 2476 662 2558 gemitus

246 2579 305 2642 tihi
326 2579 456 2662 impono
477 2579 640 2661 primitus,

246 2701 342 2763 quam
360 2683 509 2766 perferas
532 2682 576 2747 ad
597 2682 759 2747 dominum

246 2794 279 2849 et
297 2795 390 2849 tunm
413 2805 525 2850 rerum
548 2785 656 2850 filium.

245 2967 366 3048 Maria,
389 2966 446 3030 lux
469 2965 630 3047 aetherea,

246 3077 281 3134 ut
302 3089 391 3134 meas
413 3087 530 3153 preces
554 3069 702 3150 deseras,

249 3174 310 3236 tuis
335 3179 456 3237 stratus
478 3171 626 3254 vestigiis

246 3284 354 3340 mente
378 3275 521 3357 deposco
544 3275 690 3359 supplici.

245 3455 518 3540 Computruerunt
538 3458 674 3540 pristina

245 3566 454 3645 peccatorum
478 3561 643 3642 contagia,

246 3661 306 3726 sed
328 3662 460 3744 sapiens
478 3670 528 3726 est
550 3663 710 3745 medicus,

137 3811 142 3819 -
246 3766 447 3849 omnipotens
471 3773 521 3829 est
542 3766 696 3830 dominus.

243 3929 294 3992 De
316 3930 401 3994 mala
424 3931 655 3995 consuetudine
723 3969 726 3974 -

245 4041 296 4098 est
317 4033 437 4098 efficax
458 4055 509 4098 me
533 4031 667 4117 tollere,

246 4123 302 4219 qui
321 4138 490 4201 suscitavit
512 4136 673 4202 Lazarum

246 4238 501 4322 quadriduanum
524 4247 692 4330 mortuum.

924 510 1031 576 David
1053 519 1128 595 post
1150 519 1214 578 tam
1237 513 1386 580 immania

924 615 1072 698 poenituit
1093 613 1218 698 flagitia
1508 618 1551 682 'ld

830 717 872 780 35
925 724 958 780 et
980 725 1056 803 post
1077 717 1203 782 laudari
1225 713 1340 786 meruit

924 839 982 890 ote
1005 822 1105 906 ipsius
1130 821 1256 888 domini.

924 1000 1017 1067 Unde
1037 989 1174 1068 ¹securus
1196 995 1337 1088 credidi,

810 1188 814 1194 Ι
924 1125 944 1168 a
966 1111 1174 1186 peecatorum
1197 1107 1335 1173 vinculis

923 1226 974 1270 me
997 1208 1061 1273 cito
1084 1226 1183 1291 posse
1204 1211 1290 1291 erui,
1510 1213 1551 1274 ta

925 1312 954 1376 si
976 1317 1011 1376 tu
1033 1316 1153 1376 tantum
1176 1314 1319 1395 petieris.

924 1493 1032 1558 Mater
1054 1493 1306 1578 misericordiae,
1335 1488 1339 1496 ’

925 1599 973 1664 sie
994 1597 1144 1665 affectum
1166 1599 1398 1683 comprendere

925 1701 1035 1776 vales,
1059 1721 1132 1784 quae
1154 1721 1255 1767 vocas
1278 1703 1392 1786 impios

925 1813 959 1870 et
979 1825 1044 1871 nou
1067 1807 1195 1890 spernis
1217 1805 1412 1871 incredulos.
1508 1807 1551 1872 80

926 1984 1009 2061 omo
1029 1985 1062 2047 in
1084 1985 1191 2050 Maria
1212 1987 1374 2068 gesseris,
1398 2037 1403 2044 .

802 2149 805 2157 ,
924 2088 1012 2152 illam
1035 2088 1108 2154 dico
1129 2085 1346 2172 Aegyptiam,

925 2208 1060 2276 prorsus
1082 2190 1174 2253 novit
1194 2189 1335 2255 ecclesia

926 2300 959 2356 et
984 2293 1108 2358 exultat
1128 2293 1161 2356 in
1183 2293 1299 2376 gratia.
1335 2357 1338 2364 .

926 2475 1124 2562 Theophilus
1148 2475 1278 2540 diaholo
1505 2476 1548 2540 85

924 2599 983 2645 suo
1001 2579 1101 2644 'datus
1125 2577 1343 2662 chirographo

924 2682 1015 2769 quasi
1039 2703 1059 2746 a
1081 2681 1180 2746 fundo
1203 2680 1350 2746 barathri
1470 2716 1475 2725 ·

922 2804 984 2867 per
1006 2791 1038 2847 te
1062 2783 1174 2847 reduci
1194 2783 1307 2865 potuit.

923 2960 992 3026 Sed
1016 2962 1086 3044 quis
1108 2961 1219 3027 verbis
1245 2959 1513 3044 comprenderat,

923 3069 978 3131 vel
1001 3068 1163 3150 scriptura
1185 3064 1366 3147 digereret,
1507 3065 1549 3128 90

924 3169 1041 3236 cotidie
1065 3187 1145 3252 quos
1168 3169 1288 3232 liberas

923 3281 957 3337 et
979 3273 1041 3337 deo
1064 3271 1280 3337 reconcilias?

921 3453 979 3518 llis
998 3452 1068 3536 jam
1092 3451 1146 3517 diu
1167 3451 1378 3536 praemonitus

923 3560 966 3624 ad
989 3567 1022 3623 te
1046 3559 1182 3648 confugi
1201 3557 1366 3640 credulus,
1450 3623 1454 3631 ,

922 3682 964 3726 ne
987 3683 1056 3745 me,
1078 3663 1149 3745 pia,
1172 3661 1308 3745 abjicias
1441 3742 1444 3748 .
1508 3662 1550 3726 95
1642 3735 1643 3750 ἶ

923 3766 1063 3850 supplex
1086 3783 1162 3847 oro,
1183 3765 1238 3828 vel
1261 3764 1401 3828 differas,
1495 3795 1498 3798 ·

922 3931 1113 3995 uevouonis
1136 3911 1297 3996 lacrimat

923 4035 1173 4118 quamprimum
1195 4034 1272 4105 mihi
1290 4033 1442 4118 impetra,

816 4175 822 4182 ,
923 4145 958 4202 ut
980 4139 1044 4224 sipt
1068 4139 1146 4202 satis
1169 4138 1310 4220 idoneae,

922 4260 1012 4304 meas
1035 4239 1151 4305 sordes
1174 4240 1293 4303 eluere.
1485 4239 1549 4305 100

244 4403 324 4467 Post
347 4405 474 4488 lapsum
497 4403 629 4468 Petrum
651 4404 785 4487 respicit
828 4392 869 4486 eh
923 4405 1041 4489 Turpis
1064 4403 1324 4486 concupiscentia

245 4514 279 4570 et
301 4524 419 4589 magno
441 4506 519 4570 fletu
543 4508 698 4590 concutit,

245 4628 306 4674 nee
329 4609 525 4674 Chauauaeae
547 4611 700 4693 precibus

244 4713 355 4776 abnuit
377 4711 430 4775 hio
451 4713 621 4796 propitius.

864 4523 866 4530 ’
923 4528 1043 4592 eorpus
1066 4528 1129 4574 nec
1150 4514 1289 4571 mentem
1311 4507 1452 4590 polluat,

922 4631 1019 4695 quam
1042 4611 1100 4676 sub
1123 4619 1179 4675 tua
1202 4610 1349 4675 custodia

919 4717 990 4800 jam
1012 4715 1185 4800 deputavi,
1210 4715 1345 4790 domina
