3308 5310
208 365 252 428 60

295 550 313 600 2
332 547 422 618 hymn.
442 546 494 600 dic.
514 547 545 613 Β,
564 561 696 602 canamus
715 545 745 615 G,
765 547 813 601 des
832 547 938 601 verses
957 560 1069 616 weges,
1093 545 1162 600 aber
1181 561 1273 617 gegen
1293 547 1345 601 den
1365 545 1513 602 Gebrauch

208 635 259 690 der
278 634 354 688 alten
373 632 594 708 Schriftsteller‚
623 635 668 689 die
688 635 741 689 den
760 634 890 688 Psalmcn
909 631 1021 704 folgen,
1049 633 1105 686 wie
1124 649 1165 703 ps.
1184 634 1232 702 611,
1251 635 1276 687 9.
1306 635 1352 702 65,
1371 635 1396 686 2.
1424 634 1467 702 67,
1487 636 1512 687 5.

208 722 237 776 S.
255 721 307 775 No.
326 722 373 789 78,
394 725 417 775 1.
462 722 554 790 7661
572 737 664 791 spern.
683 724 716 780 6
766 724 798 774 11
825 720 890 775 nob.
909 736 964 774 non
983 717 1056 774 fehlt
1075 720 1111 788 Β,
1145 725 1209 775 1666
1227 720 1310 775 66616
1329 736 1385 776 666
1403 737 1461 792 sup.
1481 722 1512 778 G.

207 810 295 863 11.12
312 811 411 862 wiiren
430 808 491 862 dem
505 808 590 863 Sinne
610 811 682 864 nach
700 808 856 864 deutlicher
874 807 952 862 also:
972 811 1002 862 ut
1016 807 1097 862 nobis
1114 824 1170 862 non
1188 807 1356 877 proveniant
1374 808 1513 878 supplicia

206 901 239 950 ut
260 896 384 966 praemia.
420 896 568 950 Praemimn
592 898 640 951 hat
663 896 785 950 6661166
808 895 863 949 wie
887 895 1015 949 meritum
1039 895 1101 948 eine
1120 895 1253 965 doppelte
1272 893 1450 966 Bedentnng‚
1477 896 1512 967 je

206 983 344 1038 nachdem
361 999 392 1036 es
411 982 461 1037 der
478 983 556 1038 Lohn
574 979 623 1038 for
640 984 702 1038 6166
720 988 788 1054 gnte
806 983 876 1038 oder
894 982 962 1037 6666
981 983 1053 1038 ’1661
1071 983 1115 1038 161.
1134 983 1163 1038 S.
1182 983 1235 1037 No'.
1253 984 1319 1051 583,
1338 985 1380 1036 11.
1409 986 1443 1038 12
1462 983 1512 1037 sed

206 1067 227 1122 f.
246 1074 277 1124 ut
295 1069 323 1140 0,
342 1070 439 1124 beides
458 1070 508 1124 661
525 1070 612 1125 Bebel
627 1070 686 1125 wol
704 1070 835 1125 66166116
851 1071 1119 1140 dchextgesetzt.
1152 1073 1185 1124 13
1204 1071 1264 1124 haec
1283 1071 1312 1126 G.
1345 1071 1511 1126 11661666

207 1157 242 1210 16
260 1157 430 1227 sempiterna
449 1156 554 1211 saecula
571 1157 609 1220 B,
641 1157 679 1213 ist
697 1155 766 1212 aber
786 1173 843 1212 von
861 1157 934 1212 alter
952 1157 1031 1212 Hand
1050 1157 1195 1228 gedudert.

567 1459 655 1532 665.
693 1460 757 1546 De,
775 1457 944 1555 apostolis
971 1459 1162 1556 sequentia.

377 1661 478 1748 Cujus
501 1663 573 1726 laus
597 1662 772 1726 secundnm
795 1679 925 1743 nomen,
949 1662 1020 1745 ejus
1044 1669 1095 1726 est
1118 1669 1150 1725 61
1173 1661 1295 1743 gloria,

381 1773 414 1830 et
435 1767 468 1829 in
491 1767 774 1846 universatem,
798 1784 862 1846 qua
885 1783 943 1828 sna
960 1764 1086 1849 judicia

378 1903 468 1968 timet
490 1922 566 1967 rens
584 1902 782 1988 judicandus
805 1908 888 1964 16616
912 1899 1125 1982 conscientia,

378 2013 464 2070 amat
481 2007 589 2089 justus
613 2006 801 2072 liberandus
825 2003 897 2086 ejus
921 2001 991 2068 sola
1014 2002 1129 2085 gratia.

377 2194 457 2259 Haec
480 2165 639 2277 1666666
664 2175 803 2278 abyssus
826 2199 924 2260 multa
949 2204 1023 2260 6661
1045 2197 1281 2280 inscrutabilia,
1379 2219 1388 2229 “
1489 2203 1508 2263 5

377 2299 450 2364 haec
469 2299 510 2363 de
534 2299 596 2364 deo
617 2308 712 2365 natus
736 2300 832 2384 deus,
857 2301 909 2364 dei
932 2300 1104 2384 sapientia,

363 2455 435 2508 ,666
458 2458 500 2501 ex
523 2438 589 2502 alto
612 2439 756 2503 visitavit
779 2446 812 2503 et
834 2441 924 2503 venit
946 2441 979 2502 in
1001 2438 1136 2521 propria

375 2542 481 2606 166166
500 2543 612 2625 6666,
637 2545 690 2624 661
712 2544 857 2607 narravit
880 2544 973 2607 66616
996 2543 1069 2636 666
1092 2551 1125 2606 61
1148 2542 1226 2624 6116,

377 2699 449 2761 666
472 2681 617 2746 16166661
638 2681 670 2743 16
693 2680 808 2763 figuris
831 2661 959 2745 occulta
980 2679 1145 2764 mysteria.

377 2784 475 2847 stulta
498 2801 625 2865 quoque
647 2782 754 2879 mundi
777 2783 857 2847 deus
880 2791 917 2848 et
936 2783 1187 2866 contemptibilia

378 2921 560 2993 sublimavit
583 2921 756 3002 dignitate,
779 2919 928 3003 praefecit
951 2919 1113 3003 potentia,
1134 2901 1141 2945 Ψ

377 3024 432 3104 661
454 3025 571 3106 661666
594 3023 812 3107 praedicarent
835 3023 907 3104 ejus
930 3024 1123 3087 testimonia.

375 3210 417 3273 Hi
439 3220 513 3276 sunt
536 3211 610 3277 coeli
633 3212 833 3276 continentes
857 3221 985 3277 secreta
1007 3213 1179 3296 mysteria,

376 3315 409 3377 hi
432 3322 505 3379 sunt
528 3318 646 3393 nubes,
670 3315 755 3378 unde
778 3324 888 3380 manat
911 3316 1130 3381 doctrinarum
1151 3317 1277 3400 pluvia,
1349 3307 1353 3310 ’

377 3459 411 3521 61
434 3468 507 3523 6661
528 3461 639 3564 templi
662 3439 885 3544 fundamenta,
909 3470 984 3527 6661
1007 3470 1129 3546 portae,
1153 3469 1226 3528 sunt
1249 3462 1340 3544 atria,
1464 3465 1504 3526 15

375 3571 455 3627 sunt
470 3564 566 3628 bases
590 3572 690 3647 atque·
709 3565 884 3648 columnae,
907 3567 1022 3648 quibus
1046 3573 1110 3630 stat
1133 3566 1280 3630 ecclesia.

373 3750 456 3817 Sunt
478 3754 534 3818 lux
557 3754 677 3836 mundi,
701 3757 821 3836 verbo,
845 3756 912 3820 vita
933 3757 1132 3846 illpstrantes
1153 3758 1274 3840 omnia,
1376 3825 1379 3834 ⁴

373 3867 448 3922 6661
470 3859 634 3923 salterrae
657 3860 846 3924 condientes
870 3880 992 3925 morum
1015 3861 1242 3946 temperantia,

375 4005 448 4061 sunt
469 4005 619 4080 pastores
642 3997 835 4080 populorum
859 4007 1029 4063 servantes
1052 4000 1173 4094 ovilia,¹

375 4107 451 4163 sunt
473 4097 624 4164 doctores
648 4101 848 4165 subditorum
872 4111 1062 4166 exercentes
1085 4103 1199 4167 studia.
1359 4099 1362 4105 ⁴
1462 4106 1503 4169 20

371 4292 493 4357 Horum
516 4291 598 4375 ergo
620 4291 802 4374 flagitemus
826 4311 938 4358 omnes
959 4293 1155 4376 patrocinia,

374 4403 410 4460 ut
432 4415 503 4460 666
526 4396 606 4478 16616
627 4389 805 4478 ¹gloriemur
827 4398 859 4461 in
883 4397 1007 4461 coelesti
1029 4397 1144 4480 patria.
1176 4416 1279 4460 amen.

288 4583 336 4638 Hs.
361 4600 395 4635 zu
413 4582 677 4656 Donauesehingen,
695 4585 844 4640 1116666.
864 4584 914 4638 611
927 4584 1112 4639 6166666166.
1147 4584 1204 4638 1166
1216 4542 1315 4668 =ganne
1333 4581 1402 4636 Lied
1420 4583 1503 4638 reimt

198 4685 251 4723 nur
275 4669 304 4722 in
323 4669 384 4734 dem
411 4668 569 4725 8616611661
593 4688 624 4740 6,
655 4671 711 4740 wie
735 4676 820 4726 66166
845 4671 889 4724 616
914 4672 1033 4726 anderes
1051 4668 1104 4724 auf
1119 4669 1164 4725 die
1183 4671 1208 4724 6.
1227 4669 1347 4742 Brigita.
1383 4669 1421 4724 Es
1440 4668 1502 4742 gibt

197 4755 325 4810 mehrere
340 4756 525 4828 Sequenzen,
542 4758 587 4812 die
606 4774 658 4812 nur
677 4755 761 4813 aufa
780 4757 891 4812 reimen.
920 4757 947 4812 S.
966 4757 1017 4814 No.
1036 4758 1097 4811 667.
1118 4758 1265 4832 11661612,
1285 4759 1388 4811 1761.
