3326 5322
224 337 309 404 '382

238 533 267 594 2.
300 527 392 607 Quod
400 529 469 613 jam
481 525 860 612 dudum'pr'aesignavit,5
914 531 944 592 7.
976 523 1064 592 Oura
1087 501 1214 610 quiiiem
1237 529 1392 597 bonitatis

303 634 356 716 qui
378 641 446 696 tres
469 631 585 696 videns
607 633 757 697 adoravit
979 639 1013 696 et
1034 631 1153 698 divinae
1175 633 1305 716 pietatis

341 736 528 818 monadem,
979 734 1012 796 in
1034 733 1196 804 mittendis
1220 737 1321 804 tribus
1344 738 1423 804 viris
1646 759 1647 830 t

293 873 338 938 ‘In
360 873 494 936 fornace
517 879 584 936 tres
606 873 718 937 intacti
1018 833 1060 900 ad
1083 855 1143 902 ¹¹⁰⁸
1167 837 1326 922 exhibiffii

301 985 505 1041 sacramenta
527 983 601 1040 sunt
624 977 735 1059 adepti
980 973 1068 1039 Odor
1084 995 1218 1060 quorum
1232 997 1304 1042 oum
1318 979 1467 1048 doctriua
1496 985 1542 1046 45

340 1075 463 1143 eadem.
820 1083 859 1146 to
978 1086 1043 1142 tam
1065 1087 1191 1147 remota
1214 1101 1309 1164 quam
1330 1082 1440 1153 vicina

978 1183 1084 1264 replet
1105 1184 1180 1247 loca
1202 1192 1235 1246 et
1258 1184 1368 1250 divina

235 1296 265 1357 3.
300 1293 325 1358 0
349 1315 442 1378 quam
465 1299 546 1362 mira
568 1298 671 1362 virtus
695 1299 764 1381 dei,
793 1251 799 1260 ι
1022 1303 1085 1368 ΟΡθ
1108 1285 1260 1352 adhibiti·

301 1419 374 1481 quae
397 1419 457 1464 ncs
481 1409 588 1466 certos
611 1402 718 1466 reddit
740 1403 810 1487 spei
851 1443 862 1472 ,

299 1527 359 1590 per
382 1516 449 1572 tros
472 1511 583 1590 visos,
645 1585 647 1589 Ι
911 1484 941 1545 8.
973 1479 1086 1546 Laude
1110 1481 1208 1564 digna
1230 1489 1427 1546 venerantur

297 1610 341 1674 ad
365 1631 521 1693 quercum
544 1633 625 1695 quos
977 1577 1010 1648 et
1033 1604 1144 1650 eorum
1167 1585 1372 1651 celebrantur
1430 1636 1438 1650 .
1496 1589 1541 1650 50

173 1765 174 1770 η
238 1782 240 1786 ,
299 1712 431 1779 Thabor
442 1717 547 1780 *fertur
563 1719 794 1784 transmisisse:
817 1721 855 1783 15
976 1687 1193 1857 geftaivsestff
1217 1688 1350 1752 meniis

1018 1814 1051 1857 m
1103 1813 1230 1874 rancia,
1306 1813 1309 1820 ⁴

297 1850 338 1914 Hi
360 1853 511 1919 ferebant
533 1856 616 1920 trina
640 1856 743 1940 dona,

297 1974 358 2036 per
381 1975 453 2038 quae
478 1957 571 2022 datur
593 1961 668 2026 pujo
690 1979 822 2040 00an
974 1929 1085 1997 Aucta
1108 1950 1243 2014 quorum
1266 1951 1308 1994 ex
1330 1931 1445 2036 favore

297 2059 391 2122 trinae
414 2061 478 2124 viae
628 2076 636 2090 ·
688 2085 689 2090 κ
976 2044 1025 2100 est
1048 2037 1207 2120 praecelsa
1230 2034 1410 2100 ethonore
1478 2107 1481 2112 ¹
1535 2049 1538 2056 ·

297 2167 390 2223 recto
418 2163 503 2244 pede
964 2140 1159 2258 Herbipolis
1184 2140 1299 2205 civitas
1320 2157 1406 2204 nunc
1492 2141 1537 2202 55

297 2261 351 2341 qui
374 2265 531 2343 probatur
553 2265 715 2330 institisse.
814 2270 856 2332 20
1013 2263 1139 2308 eximia.

230 2476 260 2536 t.
296 2470 409 2539 Arbor
431 2476 518 2541 diota
907 2434 948 2524 as
970 2458 1145 2542 Sanguinis
1168 2459 1324 2524 effusione

174 2631 176 2635 .
296 2578 469 2644 benedicta
973 2574 1006 2630 et
1027 2566 1091 2629 hoe
1112 2566 1185 2629 loco
1209 2565 1385 2648 sepulturae

297 2682 470 2746 salvatoris
493 2681 662 2766 passione,
721 2733 727 2750 .
964 2669 1086 2732 '1101‘11111
1109 2678 1159 2732 est
1181 2663 1306 2730 fam0sa
1329 2674 1362 2730 et

293 2818 431 2884 Nostras
455 2836 583 2904 quoque
1013 2771 1177 2836 deam&
1282 2841 1290 2856 ·
1490 2771 1534 2834 60

294 2926 424 2987 umbras
447 2923 535 3007 fugae
811 2919 854 2990 25'
974 2905 1222 2990 'triumphantes
1246 2919 1327 2990 ergo
1349 2906 1440 2971 viros

294 3027 383 3092 dedit
406 3031 522 3112 pr00u1
544 3031 696 3115 regione,
776 3088 779 3094 Ι
971 3013 1141 3096 sanctitate
1164 3010 1224 3075 hos
1248 3017 1316 3074 tres
1339 3011 1437 3076 miros

355 3145 377 3197 3
970 3115 1043 3180 haeo
1065 3121 1099 3176 et
1121 3121 1189 3178 tota
1211 3113 1337 3178 recolat

228 3218 258 3282 5.
289 3216 390 3282 Nobis
414 3219 502 3283 viros
526 3221 788 3303 transmittendo,
989 3219 1176 3285 ¹ecclesia..

294 3319 446 3384 trinitatis
470 3323 524 3404 qui
546 3323 696 3387 docendo

292 3441 405 3492 veram
427 3422 525 3503 fidem
547 3427 765 3492 instaurarent
904 3435 955 3498 10.
978 3434 1035 3499 Isti
1059 3435 1197 3499 enimin
1220 3451 1320 3515 ayone
1488 3433 1530 3494 65

977 3553 1033 3618 spe
1054 3537 1205 3602 mercedis
1226 3543 1255 3600 ct
1274 3553 1396 3602 corone

976 3640 1160 3704 servierunt
1181 3639 1332 3722 trinitati,

290 3559 333 3626 Et
355 3564 477 3628 erroris
501 3567 647 3630 caecitate
808 3570 849 3634 30

292 3665 380 3730 victa
397 3667 478 3732 lucis
502 3671 650 3734 claritate

290 3769 459 3833 veritatem
487 3774 744 3854 comprobarent.
977 3777 1038 3842 Oui
1060 3785 1092 3842 et
1114 3789 1174 3843 nos
1198 3778 1388 3858 serviendo,

975 3882 1089 3946 laudes
1096 3929 1105 3963 ,
1127 3899 1245 3964 preces
1267 3877 1464 3944 effundendo

224 3960 254 4022 6·
287 3955 384 4022 Servi
407 3957 529 4024 Christi
976 3986 1048 4069 eJ'ns
1070 3987 1160 4049 mirae
1182 3985 1320 4050 bonitati
1398 4013 1399 4016 ¹
1485 3987 1528 4048 70

290 4067 364 4124 sunt
387 4069 454 4124 tres
477 4063 547 4126 isti:

236 4167 239 4174 “
289 4161 466 4228 Coloratus
491 4173 524 4228 et
547 4165 733 4231 Thotnanus

518 4267 547 4280 ..
805 4171 846 4234 3⁵
902 4209 951 4270 11.
974 4203 1155 4270 Exoremus
1180 4203 1271 4269 donis
1295 4203 1386 4288 ejus,
1444 4195 1446 4200 ’

289 4272 322 4328 et
343 4267 458 4330 beatus
485 4265 638 4331 Krhanus.

973 4325 1033 4370 nos
1056 4315 1122 4369 tam
1143 4306 1237 4372 bonis

288 4403 389 4470 Salve
412 4427 493 4472 vera
972 4409 1023 4474 his
1044 4411 1190 4493 patronis
1257 4419 1259 4424 '

287 4529 363 4592 spes
387 4512 534 4596 sincera,
971 4516 1140 4596 corosani,

163 4683 165 4686 ¹
288 4615 438 4680 trinitatis
462 4621 521 4682 sub
546 4617 660 4701 figura·
972 4617 1092 4682 sociari

287 4719 390 4783 nostri
412 4729 477 4786 tam
501 4741 658 4806 expressa
682 4720 768 4787 cura.
801 4723 843 4786 to
971 4723 1004 4786 in
1027 4729 1150 4786 aeterna
1171 4721 1294 4804 requie.
