3332 5318
422 705 508 778 720.
548 704 605 775 De
632 728 659 774 s.
683 696 851 773 Matthaeo
877 707 911 771 et
938 699 1062 770 ceteris
1090 696 1323 798 evangelistis.

221 910 344 976 Plausn
367 907 486 975 chorus
508 905 694 972 laetabundo
838 907 839 911 ’
904 903 1001 986 cnjus.
1018 921 1124 986 genus
1146 903 1194 966 sic
1216 902 1371 982 contexit,

224 1013 287 1077 hos
310 1011 450 1094 attollat,
472 1029 534 1094 per
557 1028 638 1092 quos
660 1007 779 1072 mundo
904 1005 989 1088 quod
1012 1027 1032 1070 a
1055 1007 1157 1090 stirpe
1179 1005 1283 1069 David
1308 1005 1375 1069 exit

270 1120 388 1178 sonant
411 1112 599 1195 evangelia3
906 1133 908 1136 ·
945 1129 1007 1193 per
1029 1110 1136 1174 carnis
1160 1109 1337 1173 materiam.

226 1236 311 1284 voce
334 1235 467 1300 quorum
490 1217 577 1280 salus
599 1215 708 1298 fluxit,

224 1337 291 1384 nox
313 1320 451 1383 recessit
473 1326 507 1383 et
528 1319 633 1382 illuxit
830 1319 848 1378 5
901 1296 1013 1361 Rlssills
1035 1298 1130 1360 b⁰Vi⁸
1152 1295 1252 1361 1⁴⁰⁰ae
1276 1296 1388 1381 datur,

265 1423 316 1487 sol
339 1423 504 1488 illustrans
527 1423 642 1487 omnia.
901 1400 934 1463 1¹1
957 1419 1022 1481 <1¹¹³
1041 1400 1145 1463 fOfffla
1167 1399 1327 1482 figuratur

945 1522 1031 1567 nova
1055 1503 1202 1568 Christus
1225 1504 1347 1588 hostia,

221 1609 341 1678 Curam
364 1633 466 1696 agens
490 1613 541 1677 sni
561 1615 674 1697 gregis
902 1606 961 1672 art
985 1609 1089 1673 crucis
1111 1617 1297 1673 mansuetus

222 1723 337 1798 pastor
358 1717 479 1797 bonus,
503 1723 616 1780 auctor
636 1717 736 1799 legis,
902 1709 955 1780 hic
977 1717 1136 1775 mactatur
1160 1712 1207 1776 sic
1231 1717 1379 1776 etvetus
1415 1757 1422 1773 .

266 1825 404 1901 quatuor
425 1819 575 1901 instituit,
945 1812 1061 1876 transit
1084 1814 1300 1879 observantia.

223 1923 339 2007 quadri
360 1925 450 1989 orbis
473 1925 515 1990 ad
536 1924 696 1988 medelam
807 1927 847 1988 10

221 2028 359 2093 formam
376 2029 462 2112 juris
485 2034 518 2094 et
541 2029 701 2094 cautelam
901 2001 1087 2067 E¹l100¹¹l⁸
1109 2005 1269 2086 rugientis
1323 2083 1325 2088 ¹

262 2151 326 2216 per
348 2149 429 2215 quos
452 2131 551 2198 scribi
572 2133 683 2196 voluit,
900 2107 1015 2172 Marco
1037 2107 1161 2189 vultus,
1184 2109 1385 2190 resurgentis

787 2293 792 2300 N
944 2229 1008 2294 quo
1032 2210 1134 2276 claret
1155 2212 1316 2294 potentia,

222 2317 315 2384 Citra
336 2320 446 2384 thema
469 2320 624 2404 generale
899 2334 983 2380 voce
1006 2316 1108 2399 patris
1133 2315 1292 2380 excitatus

219 2427 320 2491 habet
343 2425 477 2507 quisque
497 2422 643 2508 speciale
899 2419 1004 2500 surgit
1026 2417 1176 2483 Christus
1198 2419 1364 2486 laureatus

263 2529 340 2616 styli
362 2527 584 2612 privilegium,
641 2533 656 2552 ’·
805 2527 845 2588 15
942 2523 1113 2587 immortali
1127 2524 1250 2606 gloria.

220 2650 302 2716 quos
326 2631 475 2714 designat
496 2623 714 2715 in'propheta

220 2737 325 2800 forma
346 2735 452 2818 pictus
475 2737 535 2799 sub
558 2733 701 2797 discreta
899 2714 958 2779 His
982 2713 1147 2797 quadrigis
1170 2713 1362 2797 deportatur
1437 2725 1440 2732 “

263 2839 372 2903 vultus
395 2837 586 2904 animalium,
806 2820 808 2824 ’
899 2817 1017 2881 mundo
1041 2815 1135 2898 deus,
1158 2816 1347 2880 sublimatur

870 2984 878 3012 l
941 2918 1012 2981 istis
1037 2914 1137 2980 archa
1159 2918 1324 3000 vectibus,

221 3029 353 3093 Pellens
375 3028 494 3092 nubem
516 3033 637 3090 nostrae
661 3027 754 3090 molis
899 3021 1041 3107 paradisi
1066 3020 1138 3084 haec
1160 3019 1281 3084 fluenta
1340 3071 1347 3094 ,

219 3137 361 3200 intuetur
379 3129 479 3214 jubar
502 3129 580 3193 solis
727 3199 729 3202 ,
804 3132 846 3194 20
898 3144 985 3188 nova
1007 3123 1123 3207 fluunt,
1148 3130 1351 3188 sacramenta

265 3238 434 3303 lohannes
456 3235 490 3302 iu
513 3235 635 3317 aquila,
943 3249 1015 3312 quae
1037 3229 1179 3291 irrorant
1201 3229 1359 3310 gentibus.

221 3365 322 3428 supra
345 3343 445 3408 coelos
468 3340 543 3405 dum
567 3339 771 3420 conscendit,

220 3451 292 3512 sinu
314 3446 417 3530 patris
439 3443 684 3526 comprehendit
897 3421 971 3486 Non
995 3430 1044 3485 est
1067 3421 1179 3485 (10111118
1201 3421 1324 3483 ruitura

263 3556 373 3613 natum
397 3554 472 3610 ante
496 3545 626 3610 saecula,
802 3615 809 3629 .
898 3525 961 3588 hac
983 3527 1121 3590 subnixa
1141 3521 1361 3606 ,quadr-atum,

940 3631 1013 3694 haec
1036 3638 1085 3694 est
1109 3630 1221 3698 domus
1246 3629 1383 3693 domini:

180 3809 184 3815 ¹
221 3734 265 3799 0s
288 3733 459 3798 humanum
482 3741 531 3797 est
553 3732 713 3814 Matthaei,
802 3734 844 3794 25
898 3735 1056 3818 glorietur
1076 3737 1110 3798 in
1132 3735 1195 3800 hac
1218 3735 1328 3815 domo,

219 3839 253 3902 in
276 3837 415 3901 humana
436 3837 540 3900 forma
563 3837 616 3900 dei
898 3859 961 3921 qua
984 3843 1097 3904 beatus
1119 3840 1199 3901 vivit
1218 3838 1314 3901 homo

264 3939 415 4004 dictantis
436 3941 638 4026 prosapiam,
941 3941 1003 4037 deo
1023 3942 1155 4025 junctus
1178 3940 1307 4004 homini.

308 4125 501 4181 Reichenauer
518 4125 697 4195 Antiphonar
716 4141 751 4200 su
775 4125 932 4178 Karlsruhe
961 4125 1094 4181 110209.
1121 4126 1223 4180 Β132.
1249 4125 1299 4180 mit
1323 4123 1374 4178 der
1393 4123 1526 4192 Melodie,

219 4217 254 4269 11
271 4214 383 4283 Jahrb,
412 4213 457 4267 die
485 4213 697 4282 Halbstrophen
721 4230 756 4266 zu
783 4213 1027 4268 chhselchiiren
1051 4213 1237 4285 cingerichtet
1265 4212 1340 4280 (K),
1379 4211 1451 4267 auch
1478 4210 1529 4268 bei,

217 4303 315 4358 Daniel
331 4306 358 4372 2,
377 4303 419 4356 88.
440 4302 495 4369 (D)
525 4302 579 4355 und
597 4301 644 4355 Hs.
663 4317 698 4354 zu
716 4300 860 4372 stuttgart
887 4301 958 4355 Bibl.
978 4303 1020 4355 20.
1049 4299 1128 4356 fild.
1154 4304 1187 4356 11
1205 4300 1303 4356 Jahrh.
1330 4298 1390 4370 (S).
1426 4298 1474 4352 Hs.
1489 4314 1527 4351 zu

217 4391 341 4448 Admcnt
358 4391 410 4446 No.
429 4393 492 4442 751.
509 4389 559 4444 des
578 4391 613 4444 11
630 4389 729 4444 Jahrlr.
745 4390 796 4444 mit
814 4390 864 4444 der
881 4389 1002 4448 Melodie
1023 4391 1038 4458 (
1064 4393 1087 4459 ).

272 4603 274 4610 ,
305 4532 322 4582 5
348 4530 497 4602 praecessit
522 4529 601 4586 Aos.
655 4532 690 4585 13
720 4529 796 4586 circa
822 4531 914 4587 haben
946 4531 1011 4586 alle.
1065 4531 1108 4582 15,
1127 4529 1181 4585 sibi
1207 4529 1267 4584 DA.
1321 4529 1356 4582 23
1378 4526 1470 4584 sinum
1492 4524 1524 4580 S.

215 4616 371 4674 strictus
398 4617 439 4690 K,
470 4617 542 4676 ritus
568 4617 598 4677 δ.
640 4619 674 4672 35
698 4623 836 4676 mactatus
855 4621 888 4680 A.
931 4621 966 4676 13
985 4619 1136 4689 deputatur
1154 4617 1185 4676 S.
1227 4618 1262 4674 to
1280 4616 1342 4672 haec
1361 4619 1409 4672 est
1422 4614 1523 4670 domus

215 4705 347 4778 rugitum
364 4707 398 4776 A.
