3310 5316
549 730 635 804 876.
663 671 726 802 *De
751 755 777 802 s.
803 727 1032 803 Cerbinianm

576 885 623 970 f

130 935 260 1035 Noleilis
284 965 495 1048 Gorbiniane,

131 1077 168 1134 tu
194 1069 351 1158 doctrinae
377 1075 468 1132 satur
486 1071 595 1149 ·san'ae‚
686 1117 689 1123 .

179 1173 358 1256 gratiarum
381 1171 546 1253 scrinium,

132 1279 190 1342 dei
212 1279 305 1344 sortis
328 1277 494 1358 agonista,

131 1389 170 1446 ut
193 1380 314 1444 Christi
335 1381 417 1446 desa
440 1381 582 1464 baptista

179 1484 333 1548 dirimens
356 1483 509 1548 affinium.

51 1675 53 1680 ’
131 1646 273 1762 Nuptias
295 1633 523 1756 illecebrosas,

132 1783 200 1846 deo
222 1783 405 1864 sanctisque
428 1797 564 1861 exosas,
664 1805 668 1812 ·

177 1887 333 1952 lethalem
359 1885 512 1949 invidiam

132 1993 316 2058 meretricis
339 1992 519 2074 incurristi,

133 2097 197 2162 sed
220 2103 253 2158 te
275 2095 331 2178 pia
352 2113 465 2162 manus
487 2092 610 2160 Ghristi

180 2199 286 2263 vitare
309 2198 479 2282 perfidiam

134 2391 235 2458 Dedit
256 2389 352 2472 hujus
374 2373 555 2460 meretricis

135 2497 180 2562 de
203 2495 295 2577 cujus
318 2511 494 2558 excurrens
517 2491 598 2559 vinis

182 2606 313 2662 strenue
335 2614 507 2678 evaseraS,

135 2713 175 2770 ut
196 2701 306 2767 llelias
329 2701 518 2768 dezabelem
572 2713 575 2718 ·

136 2809 319 2890 idolatram,
340 2805 503 2870 infidelem

182 2931 319 2998 gregem
341 2910 395 2976 dei
415 2925 581 2998 paveras..
667 2979 671 2989 Δ

139 3103 252 3170 Oleum
273 3103 434 3166 ministras
456 3085 550 3179 vitae,

138 3209 263 3286 vinum,
288 3202 373 3286 qnod
396 3202 437 3266 de
462 3221 543 3264 vera
564 3199 631 3263 vite

182 3295 329 3394 prclluit,
353 3307 530 3390 adjiciens,

140 3431 237 3480 sanos
260 3431 337 3479 sane
360 3404 610 3502 praeservandc,

139 3519 219 3582 mire
242 3516 370 3581 saucias
393 3509 538 3577 sanando

184 3619 317 3701 singulis
340 3613 524 3700 proficiens.

141 3805 340 3874 catervatim
363 3825 383 3868 a
406 3812 439 3866 te
461 3801 565 3882 multi,

141 3914 235 3979 noxis
258 3909 436 3994 grandibus
460 3904 595 3990 sepulti,
674 3917 679 3924 '

161 4015 312 4080 'concito
335 4011 523 4088 consiliunt,
622 4018 625 4028 ·

140 4118 227 4202 pasti
248 4115 368 4200 pabulo
392 4111 548 4176 doctrinae

140 4220 296 4306 praestita
320 4216 377 4281 tibi
399 4214 518 4278 divinae

185 4321 228 4386 ad
250 4339 309 4386 sua
330 4317 509 4402 prosiliunt.

142 4514 225 4582 Nam
247 4531 321 4577 eras
343 4515 447 4576 verba
469 4505 664 4586 facundus,
720 4591 724 4599 ι

143 4616 263 4682 affectu
283 4614 363 4678 nulli
380 4609 541 4676 'secundus

150 4799 155 4812 ι
185 4720 243 4806 pio
265 4726 298 4784 et
320 4716 489 4800 obediens,
556 4803 560 4811 ι

202 4850 290 4903 Mane,
307 4847 392 4898 ratem
409 4846 605 4906 dynamin.

813 987 933 1051 papam
952 970 1038 1032 enim
1062 966 1252 1052 bis'adisti,

814 1091 879 1136 nen
902 1076 1051 1156 obtento,
1076 1075 1163 1157 quod
1185 1075 1307 1158 petisti,
1396 1078 1439 1140 35
1524 1072 1528 1079 ’

859 1175 901 1239 ad
924 1177 1009 1240 ovile
1032 1177 1171 1253 rediens.

742 1380 761 1440 s
813 1363 878 1432 Ubi
899 1366 957 1431 tibi
980 1367 1212 1432 commendatis

814 1467 1009 1534 monimenta
1029 1469 1177 1534 veritatis

858 1570 964 1638 cultor
981 1571 1201 1654 ,castimoniam

814 1685 850 1742 ut
873 1676 1024 1758 decebat,
1048 1679 1272 1760 proponebas,
1397 1675 1439 1746 40

814 1781 899 1845 inter
922 1799 1003 1862 quos
1019 1799 1086 1864 ⁴per
1109 1788 1141 1844 te
1165 1779 1311 1862 degebas

859 1891 951 1948 actor
973 1883 1188 1966 parsimoniae.
1311 1929 1314 1936 .

723 1989 762 2052 m
814 2073 915 2139 Deles
937 2092 1056 2155 panem
1078 2071 1233 2152 filiorum,
1265 2129 1268 2132 .

815 2185 943 2263 partum
965 2175 1104 2240 fluxibus
1125 2172 1298 2254 sudorum,

859 2283 961 2348 brutis
985 2279 1056 2343 dari
1078 2278 1228 2358 canibus,
1400 2276 1443 2342 45

816 2387 890 2450 loco
915 2381 1056 2477 cedens,
1073 2379 1134 2444 sed
1155 2378 1284 2458 redisti,
1415 2379 1419 2387 '

717 2531 721 2538 ·
816 2489 901 2552 mitis
924 2489 999 2550 reos
1022 2484 1158 2566 arguisti

722 2595 762 2655 15
860 2591 971 2656 verbis
993 2607 1058 2653 non
1080 2588 1237 2652 inanibus.

815 2784 866 2850 En
887 2779 1085 2866 praesagium
1108 2769 1266 2857 divinum,

679 2941 682 2946 .
768 2887 908 2970 ¹qnasi
931 2884 988 2949 cer
1008 2873 1157 2945 haberes*
1172 2877 1309 2960 binum,
1402 2873 1444 2940 5⁰

860 3000 915 3055 tue
938 2985 1027 3051 dedit
1048 2983 1168 3052 nomini

815 3112 881 3158 ncn
903 3091 990 3156 fictae
1013 3084 1223 3170 duplicitatis,
1326 3161 1329 3170 Ι
1363 3159 1366 3167 Δ

721 3191 763 3260 20
816 3198 901 3266 binae
923 3191 1004 3258 vero
1027 3190 1185 3270 caritatis,

859 3297 999 3383 proximi
1021 3283 1203 3380 et'dornini.
1230 3333 1232 3339 .

818 3488 898 3554 Gurn
920 3485 1065 3577 pravatis
1087 3431 1363 3562 bellumgerens,
1401 3477 1448 3570 55

667 3583 672 3592 ’
774 3596 788 3664 ’.
818 3593 885 3658 sed·
900 3590 1038 3669 exultas,
1061 3585 1087 3648 si
1111 3585 1182 3666 quis
1205 3581 1376 3647 moerens'ss
1414 3597 1417 3602 ·

860 3715 937 3760 reus
960 3691 1003 3758 ad
1025 3699 1058 3764 te
1080 3689 1225 3772 fugerat,
1332 3715 1341 3770 j
1403 3767 1404 3773 ἵ

671 3809 673 3816 “
714 3775 764 3862 ’25
819 3798 986 3863 adamator
999 3788 1228 3876 paupertatis,
1268 3785 1276 3878 ’ῃ

818 3900 1008 3996 exsufflator
1030 3895 1202 3975 vanitatis,

863 4027 951 4072 curae
974 4004 1031 4069 tibi
1053 4003 1174 4081 luerat,
1394 3999 1446 4061 st

819 4197 951 4280 Fugere
973 4195 1122 4260 fallacem
1143 4189 1310 4271 mundum,

724 4311 767 4374 30
820 4306 935 4365 contra
957 4281 1052 4360 deum
1073 4292 1280 4378 furibundum

753 4387 757 4394 ⁸
862 4404 896 4468 in
918 4400 969 4466 sui
990 4399 1182 4485 perniciem
1260 4421 1266 4438 ²

812 4509 875 4590 -qui
897 4525 964 4595 non
985 4503 1091 4589 parcit
1113 4501 1293 4580 sanctitati,
1413 4501 1419 4535 ³
1442 4525 1446 4536 ·

740 4625 744 4631 ·
821 4627 882 4674 nec
904 4608 1010 4688 sexui,
1033 4603 1224 4683 nec'aetati,
1395 4587 1447 4664 '65

864 4731 907 4779 ne
929 4711 1006 4778 cclit
1029 4709 1203 4798 caniciem,
