3294 5322
1352 354 1416 424 dli

203 536 316 592 interea
328 537 511 594 llsrlmissus
527 534 723 594 ferocissimus
740 536 888 594 christiani
904 537 1023 594 nominis
1035 542 1205 608 persecutor
1218 539 1248 591 st
1259 537 1312 594 tali
1325 542 1420 594 tante*

112 637 169 695 quc
187 624 298 696 agmins
315 623 529 698 indignissimas
549 624 655 680 duston
673 628 783 682 statute
801 625 886 697 juxte
909 624 1034 680 redicem
1058 623 1171 695 Alpium
1195 625 1258 682 zeli
1280 624 1363 680 idolo
1388 624 1419 679 iu

6 735 7 748 ι
112 709 200 779 mco,
218 725 300 782 quem
315 712 413 769 dicunt
431 713 617 781 Οιιιιοιιιιι,
635 713 787 783 pracepit,
810 717 842 767 ut
860 711 950 768 omnis
967 711 1107 768 exercitus
1126 713 1231 772 viritim
1248 711 1354 769 festiva
1373 727 1419 768 ce·

6 833 8 846 .
111 797 249 854 lebritate
268 806 452 857 concurreret
470 805 500 857 et
517 817 536 856 a
555 799 762 871 supplicatione
780 797 847 868 diis,
866 804 898 855 ut
915 797 1066 868 fatebatur,
1085 801 1291 858 inmortalibus
1309 799 1421 872 ιςιιιι

111 887 306 958 communique
330 887 431 944 lacida
455 902 488 944 ss
504 901 589 944 nemo
611 887 691 942 velut
713 885 833 942 alterius
855 891 982 943 sectator
1000 887 1149 958 religionis
1167 889 1319 959 exciperet.
1354 885 1421 942 lam

6 973 9 1024 t
112 985 186 1030 reru
211 973 378 1052 Gereonium
402 979 591 1046 praecesserat
615 989 715 1046 agmen
737 977 767 1028 et
790 970 960 1034 ιἰιιιίιιιιι1
984 975 1133 1030 comitatis
1157 975 1322 1030 societatem
1344 987 1421 1045 prce·

113 1062 207 1117 sentia
225 1061 371 1131 corporali
389 1061 554 1133 reliquerat.
590 1059 664 1116 unde
679 1057 786 1116 factum
804 1065 856 1130 est,
875 1066 908 1116 ιι
926 1061 1051 1117 nundum
1065 1061 1258 1118 scelestissimi
1274 1061 1421 1133 sacrilegii
1524 1105 1526 1109 .

112 1161 172 1202 nen
190 1148 301 1204 audiret
317 1163 436 1220 seseque
455 1165 516 1206 cem
535 1147 717 1204 sanctissimis
735 1148 797 1204 suis
815 1149 985 1219 corporibus
1006 1153 1114 1206 ιιιιιιι
1130 1154 1277 1220 perpetus
1290 1149 1421 1222 jocundi-

113 1234 169 1289 tati
187 1241 325 1291 servaret

204 1339 326 1397 Ventum
345 1345 390 1398 est
408 1341 444 1396 ad
462 1341 555 1398 locum
574 1341 720 1397 constituti
736 1289 840 1412 flagitii
857 1343 909 1396 etc.

202 1495 240 1572 Es
255 1495 323 1566 [⁰151
341 1511 397 1554 nun
415 1500 464 1554 der
482 1499 536 1554 l'cd
552 1500 597 1554 ιιι
614 1501 638 1553 ι.
652 1499 790 1556 Matutae
806 1503 853 1554 ιιι
867 1501 959 1554 setam
971 1499 1072 1554 scieas
1089 1514 1124 1554 ιι
1140 1501 1291 1570 Apartaeos,
1314 1498 1426 1570 werce!

114 1584 156 1638 dic
174 1583 311 1654 Erzdlunp
327 1587 384 1640 cleo
399 1584 542 1656 sortsdbrt:

161 1729 164 1734 .
202 1687 269 1742 lude
287 1689 505 1760 precedentium
522 1689 612 1744 secuti
630 1690 753 1762 vestigia
770 1694 938 1761 repererunt
955 1689 1106 1760 primarios
1124 1673 1372 1749 milites'cassium
1390 1697 1420 1749 et

115 1775 290 1831 Florentium
315 1789 377 1830 cum
400 1781 508 1848 septem
534 1776 599 1832 aliis
624 1777 723 1832 similis
741 1777 907 1834 constantiae
930 1777 1001 1832 viris
1015 1779 1100 1851 juxta
1118 1779 1259 1834 Veronam
1278 1779 1421 1835 civitatem

116 1863 146 1917 in
173 1861 236 1932 ripa
262 1862 332 1917 lieni
354 1859 474 1918 fluminis
502 1863 696 1934 considentes,
727 1863 854 1935 aliosque
882 1880 943 1919 cum
968 1865 1009 1919 eis
1034 1881 1115 1948 quam
1139 1865 1283 1954 plurimos
1294 1867 1421 1940 ejusdem

116 1939 275 2021 agnominis
302 1952 352 2008 sed
377 1969 433 2008 non
458 1952 584 2026 ejusdem
615 1952 778 2008 intentionis
807 1951 953 2008 satellites,
997 1952 1076 2014 Hos
1085 1953 1149 2008 dnm
1175 1943 1360 2025 agnovissent
1386 1952 1420 2009 dc

115 2035 249 2092 orientali
273 2037 360 2103 inisse
385 2039 535 2110 praesidio,
565 2037 716 2095 saevientes
739 2044 840 2095 contra
861 2055 911 2094 eos
926 2039 969 2094 ,ιι
995 2038 1174 2110 professione
1192 2041 1330 2097 sciscitati
1347 2043 1420 2096 sunt.

115 2139 231 2195 cumque
249 2126 294 2180 illi
311 2142 363 2182 ιιι
381 2127 529 2183 voluntate
548 2127 642 2192 cordis
666 2141 719 2181 nec
746 2126 885 2182 sententia
902 2127 1096 2197 responsionis
1115 2144 1133 2182 a
1151 2128 1345 2200 superioribus
1365 2128 1421 2184 dis·

6 2211 9 2236 l
115 2219 275 2289 creparent,
294 2213 439 2268 submissis
458 2213 597 2284 capitibus
615 2213 643 2268 in
663 2211 762 2268 eodem
780 2214 846 2270 loco
865 2229 918 2284 pro
938 2213 1044 2270 Christi
1062 2215 1173 2270 nomine
1191 2216 1330 2286 perempti
1348 2220 1421 2272 sunt.

205 2300 271 2356 llox
294 2299 383 2372 igitur
407 2301 442 2356 ad
468 2301 581 2356 beatum
605 2301 759 2358 (isiconem
783 2301 900 2374 ejusque
919 2301 1013 2356 socius
1033 2307 1174 2357 trecentos
1193 2303 1288 2358 decem
1306 2309 1336 2360 et
1354 2308 1421 2360 octo

116 2401 179 2443 cum
202 2387 255 2442 illo
278 2387 385 2459 pariter
408 2384 464 2443 lide
487 2385 618 2443 veritatis
642 2393 766 2444 armatos
789 2393 955 2458 persecutor
978 2389 1075 2444 nescio
1099 2389 1226 2445 velocius
1246 2407 1328 2462 quam
1342 2389 1422 2446 *fama

116 2475 288 2546 pervenerit.
324 2475 477 2546 Progressi
501 2479 594 2529 tamen
619 2473 763 2546 paululum
786 2479 852 2534 ante
878 2474 1079 2544 subsequentes
1098 2473 1245 2530 carnifices
1268 2477 1297 2529 in
1316 2477 1421 2547 campis

6 2563 11 2606 s
115 2561 282 2634 Agrippinae
301 2576 410 2634 magnae
429 2561 553 2616 civitatis
572 2561 624 2628 (ad
634 2561 659 2635 ²)
677 2561 807 2632 martJrii
826 2560 948 2632 gloriam
967 2577 1029 2615 sese
1047 2557 1167 2614 invicem
1182 2563 1420 2634 (cohortantem)

6 2671 7 2680 ¹
116 2650 279 2721 praestolati
302 2656 375 2706 suut.
417 2650 517 2721 quibus
537 2651 670 2706 continuo
689 2649 932 2722 supervenientes,
965 2649 1004 2703 nii
1023 2650 1070 2720 qui
1088 2650 1165 2704 missi
1184 2655 1266 2706 erant
1279 2661 1302 2706 'a
1316 2651 1422 2725 J'udice,

117 2736 225 2792 nullam
242 2738 271 2793 in
289 2739 330 2793 eis
349 2735 516 2793 defendendi
540 2739 589 2796 vel
612 2753 630 2792 a
655 2739 805 2809 proposito
829 2733 974 2792 deficiendi
992 2739 1166 2794 uoluntatem
1185 2738 1235 2793 sed
1250 2737 1423 2798 ‚constantis-

117 2825 216 2881 simam
242 2811 362 2882 nominis
390 2827 497 2884 Christi
521 2825 688 2882 invenerunt
715 2823 927 2882 confessionem.
981 2824 1022 2880 lbi
1050 2825 1149 2880 beatus
1177 2825 1287 2882 Gereon
1314 2825 1369 2878 dux
1393 2828 1423 2879 et

118 2916 230 2984 martyr
249 2913 383 2985 egregins
401 2929 462 2990 cum
480 2913 539 2968 illis
557 2913 635 2984 regis
654 2913 755 2968 aeterni
771 2911 950 2981 vernaculis,
982 2911 1111 2967 edomitis
1130 2913 1273 2981 omnibus,
1300 2911 1368 2983 'quae
1386 2907 1423 2966 ad

118 2999 205 3074 hujus
234 3000 301 3057 vitae
332 3000 548 3056 delectationem
579 3003 697 3072 possent
728 2997 862 3069 allicere,
894 3001 1073 3070 semetipsum
1105 2999 1209 3056 obtulit
1238 3006 1423 3070 spontaneam
1488 3059 1491 3064 ,

119 3089 245 3145 hostiam
263 3089 357 3144 vivam
375 3087 437 3144 deo.
473 3086 567 3142 lusani
585 3091 710 3156 tortores
729 3091 889 3142 sanctornm
911 3087 1014 3142 ibidem
1033 3102 1156 3156 corpora
1175 3091 1352 3142 cruentantes
1370 3101 1423 3157 per

118 3177 211 3248 campi
233 3176 311 3232 illius
327 3171 480 3248 'planitiem
497 3179 658 3244 traxerunt,
690 3179 719 3230 ιι
736 3175 765 3229 ιι
783 3180 896 3246 puteum
914 3174 1050 3245 quendam
1068 3172 1214 3228 maximum
1231 3173 1422 3246 projecerunt.

118 3269 295 3327 monstratur
314 3270 405 3320 autem
423 3281 511 3336 usque
529 3263 613 3320 hodie
631 3265 661 3319 in
678 3263 759 3333 loco,
786 3263 834 3318 ubi
853 3263 883 3318 s.¹
894 3263 1005 3320 (iereon
1024 3263 1179 3319 trucidatus
1199 3268 1256 3332 est,
1277 3261 1422 3334 sanguinis

120 3355 211 3429 ipsius
229 3353 418 3426 spectaculum
442 3358 472 3408 ιι
493 3351 555 3424 ipse
572 3351 658 3407 locus
682 3354 718 3406 cd
733 3355 862 3424 martyres
886 3351 922 3407 ab
940 3351 1041 3407 incolis
1061 3356 1205 3422 acceptum
1223 3355 1320 3434 servat
1337 3365 1423 3405 roca·

119 3445 224 3503 bulum.

208 3531 277 3588 liceo
295 3529 389 3600 itaque
408 3529 472 3584 dum
490 3531 653 3598 agerentur,
672 3525 776 3582 cohors
790 3527 849 3596 illa,
861 3541 931 3598 quac
944 3527 1057 3594 beatum
1070 3525 1214 3581 Victorem
1227 3521 1424 3595 comitabatur,
1503 3535 1509 3542 ·

121 3623 160 3678 ad
176 3621 285 3702 locum,
310 3617 355 3702 cui
373 3615 513 3690 destinata
532 3619 590 3683 ιιι,
614 3629 772 3685 properans
791 3614 920 3684 pervenit
938 3613 973 3668 ad
991 3613 1123 3684 oppidum
1141 3612 1329 3679 Francorum,
1348 3586 1424 3682 quod

120 3727 156 3766 ιιι
172 3686 322 3780 majorum
331 3719 446 3760 sucrum
464 3700 576 3756 sedibus
594 3701 721 3773 'frojam
730 3701 790 3756 sive
804 3701 922 3756 zantum
939 3699 1145 3772 nuncupabant,
1162 3699 1257 3769 ibique
1275 3712 1336 3753 cum
1354 3697 1423 3754 duce

120 3814 174 3854 ιιι
193 3800 287 3851 ιιιιιι
305 3792 334 3847 ιι
352 3791 442 3862 pratis
460 3789 615 3849 virentibus
633 3787 736 3860 possit.
772 3803 824 3843 nec
841 3789 930 3843 minus
945 3787 1065 3842 audaces
1079 3781 1124 3840 illi
1142 3779 1302 3856 cruentique
1320 3785 1423 3841 milites

57 3881 61 3888 '
121 3877 275 3950 affuerunt,
304 3885 506 3968 peremptoque
522 3873 582 3933 illic
600 3873 757 3932 fortissimo
777 3860 883 3932 christi
905 3876 993 3932 milite
1007 3876 1124 3932 Victore
1144 3891 1205 3930 cum
1224 3875 1357 3930 ιιιιιιιιι
1375 3875 1425 3930 tri·

122 3971 204 4042 ginta
221 3969 392 4040 martyribus
411 3961 510 4022 sancta
529 3981 625 4034 eornm
644 3979 767 4036 corpora
785 3965 814 4019 in
831 3963 904 4020 locis
920 3963 1095 4036 palustribus
1113 3962 1330 4018 submerserunt.
1381 3969 1385 3978 ·

211 4056 333 4112 Tandem
346 4055 462 4126 optatis
485 4053 652 4126 locupletati
676 4053 777 4125 spoliis
801 4048 863 4108 cum
887 4054 1013 4109 exercitu
1031 4052 1156 4122 reliquo,
1188 4050 1424 4121 quia-carausius

122 4144 174 4199 ille
199 4141 312 4215 fugiens
340 4159 404 4198 sese
429 4141 459 4196 in
486 4141 675 4214 Brittanniam
691 4140 868 4210 transtulit,
881 4157 933 4211 per
950 4141 1025 4195 viam
1044 4155 1099 4211 qua
1115 4143 1266 4207 venerant,
1293 4137 1353 4192 laeti
1370 4153 1425 4208 pro

122 4229 233 4290 scelere
251 4222 412 4285 remeunt(
437 4229 543 4284 Eodem
570 4245 640 4285 vare
659 4235 785 4300 tempore
804 4229 838 4284 de
856 4229 1039 4298 Mauritania,
1072 4220 1134 4298 quae
1152 4232 1282 4296 estpars
1300 4223 1424 4294 atrise,

122 4318 303 4388 finitimisque
325 4315 490 4387 regionibus
513 4317 616 4371 milites
641 4317 678 4371 ab
701 4317 872 4387 imperatore
895 4321 1015 4388 propter
1039 4313 1201 4386 frequentes
1220 4312 1365 4370 Gallorum
1382 4316 1425 4366 tu·

122 4407 227 4464 multus
242 4403 360 4460 evocati
378 4403 407 4457 in
425 4399 544 4458 tialliam
560 4403 677 4474 nauigio
694 4407 846 4474 venerunt,
879 4419 1001 4474 quorum·
1015 4401 1134 4459 trecenti
1152 4400 1353 4472 quinquaginta
1370 4397 1425 4478 pre

123 4493 180 4551 fide
202 4493 345 4548 catholica
368 4488 502 4547 tmcidati
526 4503 588 4544 cum
606 4490 697 4546 ,ιιιιι
716 4491 842 4546 tionem
866 4492 983 4563 ejusque
1002 4490 1087 4545 sociis
1105 4490 1254 4545 beatorum
1272 4495 1424 4556 corpcmm

124 4581 246 4654 quietem
263 4584 294 4636 ιι
309 4577 520 4656 venerationem
530 4580 701 4648 perpetuam
719 4577 895 4650 delegerunt.¹

204 4667 284 4723 'Post
300 4668 363 4722 ιιι
381 4661 564 4722 Maximianus
581 4667 718 4734 angustus
735 4663 995 4719 reuersusitaliam
1018 4660 1153 4718 suadente
1171 4659 1362 4728 Diocletiano,
1393 4665 1426 4716 ut

124 4771 188 4813 cum
206 4749 514 4840 ipsn‘se'trsnslcrret
531 4751 561 4809 in
577 4750 680 4823 etiae,
712 4751 779 4828 licet
803 4751 909 4808 invitus
934 4765 1090 4824 purpuram
1121 4747 1203 4822 simul
1228 4747 1426 4822 imperiumque
