3310 5316
555 725 641 800 870.
678 721 861 822 Ejusdem.
896 721 942 796 ad
967 721 1099 798 laudes.

178 962 206 1031 0
230 963 341 1047 Olera,
363 963 596 1047 luno-olarior,

178 1069 260 1136 16616
283 1074 415 1134 aeternae
437 1066 519 1150 tilia,

180 1171 251 1236 dies
273 1171 336 1236 ista
358 1169 544 1236 sollemnior

180 1267 236 1340 tn'a
259 1274 336 1340 oolit
358 1273 535 1338 sollemnia.

179 1463 266 1529 Vitae
293 1461 432 1530 labentis
454 1459 574 1545 gaudia

179 1565 365 1652 spernendo
388 1561 734 1645 Christnm'sequeris,

180 1677 369 1755 paroentem
391 1669 476 1732 inter
496 1667 582 1750 lilia,

106 1845 109 1852 ,
180 1782 279 1858 tuque
303 1792 375 1838 oum
398 1770 529 1837 Christo
550 1771 705 1856 posueris.

182 1961 300 2028 Custos
324 1980 488 2028 saorarum
509 1961 670 2044 virginum

181 2067 267 2131 omni
288 2067 407 2131 virtute
429 2067 555 2149 praevia

181 2168 273 2234 dunis
299 2169 342 2233 ad
364 2183 517 2253 sponsum
541 2165 701 2232 dominum

97 2275 100 2282 '
180 2271 361 2356 puellarum
385 2272 534 2356 collegia.

267 2461 327 2516 Ans
345 2457 493 2516 derselben
511 2457 559 2513 lls.

855 959 1032 1028 Franoisoo
1055 961 1138 1029 duee
1160 956 1309 1032 militans
1355 1036 1359 1042 ,

855 1074 889 1130 86
909 1065 1012 1130 vineis
1035 1067 1119 1133 trina
1140 1069 1257 1153 proelia

855 1186 985 1234 oannem
1007 1189 1144 1252 namque
1169 1171 1394 1256 suppeditans,
1437 1175 1477 1238 15

855 1271 1005 1338 mundum
1027 1280 1125 1357 atque
1147 1275 1315 1342 daemonia.

768 1461 804 1520 -5
857 1461 932 1528 Jam
949 1462 1019 1546 jam
1042 1463 1076 1526 in
1097 1466 1202 1546 'regno
1225 1464 1375 1531 luminum

856 1565 943 1650 patri
966 1584 1171 1648 conregnans
1194 1566 1276 1650 tilia,
1472 1563 1473 1566 ’

858 1668 916 1752 da,
939 1677 972 1734 te
995 1679 1183 1753 sequentum
1207 1671 1367 1754 agminum

857 1779 949 1838 reeta
971 1773 1042 1838 foro
1064 1775 1212 1858 vestigia.
1437 1777 1480 1840 20

858 1959 910 2028 Sit
929 1964 1031 2047 patri,
1053 1972 1147 2048 nato,
1170 1965 1289 2032 flamini

765 2061 805 2124 10
858 2064 973 2143 (18666,
996 2064 1156 2131 honoret
1178 2069 1283 2150 gloria

857 2184 980 2249 nosque
1004 2167 1219 2234 oonmendent
1240 2169 1350 2236 lumini

857 2277 979 2334 sanotae
1002 2269 1110 2336 Clarae
1132 2271 1297 2357 suffragia.
1335 2295 1436 2342 amen.
1495 2319 1498 2324 -

271 2577 303 2634 v.
323 2580 427 2668 16116.
453 2579 518 2652 vgr
537 2579 590 2636 66.
609 2577 670 2650 868,
687 2581 729 2636 66.
747 2541 793 2634 ao}
827 2577 879 2635 uo.
899 2580 959 2649 866,
977 2579 1001 2636 6.

415 2932 504 3006 811.
545 2931 604 3006 De
630 2957 657 3004 6.
679 2929 860 3014 Clemente
884 2961 975 3036 papo
1010 2935 1253 3034 (troparium).
1315 2935 1318 2939 ’

182 3167 211 3230 1.
246 3162 367 3230 Christi
388 3155 542 3250 martyris

247 3267 391 3332 oolamus
414 3267 499 3332 tosta

248 3365 440 3452 Clementis,

171 3560 210 3646 ⁸2.
243 3557 304 3638 Qui
324 3506 411 3677 16666
433 3561 517 3626 diem
556 3627 560 3634 ,
617 3587 619 3592 ·

243 3679 396 3746 passrone

244 3766 380 3849 propria
401 3767 479 3832 teoit
501 3765 689 3830 sollemnem

236 3900 356 3984 Atque
378 3902 472 3967 nobis
523 3948 525 3952 .

245 4002 467 4068 venerandum
714 4081 717 4086 ¹

245 4105 355 4170 tribuit
378 4122 452 4170 esse
475 4103 653 4171 solendum.

181 4298 210 4364 3.
242 4293 304 4365 llio
325 4299 462 4381 primum

243 4401 462 4486 philosophiae
485 4399 621 4470 artibus

246 4505 362 4570 olaruit
382 4505 415 4569 in
438 4505 501 4572 1666
522 4506 640 4574 mundo
664 4585 666 4590 ι

245 4615 343 4690 atque
364 4607 476 4674 saeouli
498 4607 612 4674 studiis

157 4756 162 4764 -
247 4719 318 4778 erat
338 4713 497 4798 intentus,

922 3160 965 3234 Et
986 3175 1062 3252 post
1083 3169 1156 3235 heo
1435 3175 1482 3239 ts

924 3273 1093 3356 apostolioi
1117 3272 1278 3357 dogmatis

924 3371 1110 3458 degustavit
1131 3375 1269 3461 fluenta,

924 3485 1087 3544 meruerat
1109 3480 1260 3546 eoelesiae
1384 3509 1387 3516 ⁴

786 3666 806 3728 5
924 3579 1079 3663 conjungi
1101 3599 1214 3648 saorae.

858 3766 888 3828 4.
924 3763 984 3832 Cui
1006 3766 1141 3868 donavit

923 3866 1040 3933 Petrus
1062 3873 1230 3954 apostolus

923 3971 1009 4037 hano
1030 3981 1242 4060 potestatem,

923 4105 967 4175 Ut
988 4110 1240 4195 illum-sequens

923 4220 1020 4297 rogat
1041 4215 1227 4302 eoolssiam,

765 4303 806 4368 ¹⁰
925 4317 1087 4385 dimittens
1109 4321 1248 4405 eulpam.

859 4512 889 4576 ὅ.
923 4508 984 4589 oni
1005 4519 1082 4577 tuno
1103 4519 1242 4597 accepta

924 4622 1088 4699 potestate
1112 4615 1189 4682 (latu

924 4715 1004 4783 Post
1025 4717 1098 4802 ejus
1120 4718 1219 4786 vitam
1303 4749 1305 4752 ·
