3332 5318
480 687 482 689 Ι
555 742 642 815 696.
680 725 756 812 Ad'
773 767 800 812 s.
828 739 1019 813 Andream.

133 965 160 1028 0
183 966 327 1050 piscator
350 966 481 1047 nobilis,

179 1089 198 1132 a
222 1065 351 1131 Christo
374 1076 505 1149 vocate,
560 1140 562 1142 ¹

134 1171 271 1236 Andrea
296 1172 456 1253 amabilis,

178 1295 269 1339 meus
291 1275 465 1364 advocate,

134 1380 261 1445 salveto
286 1380 438 1443 millesies

136 1533 191 1546 ...
209 1533 215 1546 .
240 1492 336 1565 atque
360 1483 474 1546 millies

178 1607 264 1652 nunc
286 1595 319 1650 et
341 1589 427 1650 omni
448 1584 546 1666 hora,

137 1689 233 1754 michi
256 1691 442 1774 septuagies

137 1795 265 1858 veniam
288 1804 320 1859 et
344 1796 484 1878 septies,

183 1888 358 1981 deprecor,
381 1898 526 1980 implora.

137 2087 188 2151 Tu
210 2106 283 2151 oum
304 2087 380 2151 navi
403 2087 485 2150 retia

182 2190 330 2270 linquens
353 2208 388 2251 es
413 2197 542 2252 secutus

138 2291 288 2356 vocantis
311 2291 452 2370 vestigia

184 2393 323 2475 Christi,
347 2401 379 2457 et
401 2395 538 2457 imbutus

137 2499 212 2584 ejus
236 2497 393 2563 salutifica

137 2602 303 2681 doctrina,
326 2599 461 2664 mirifica

184 2707 342 2787 signaque
364 2705 491 2786 vidisti3

139 2809 194 2872 lac
217 2808 396 2889 relinquam
419 2814 543 2889 terrea,
592 2836 594 2840 ·

139 2911 271 2975 tendam
296 2909 339 2974 ad
362 2911 506 2973 aetherea

184 3035 245 3098 per
267 3014 432 3096 sequelam
455 3014 583 3077 Christi.

138 3209 290 3274 Christus
312 3218 344 3273 te
368 3209 526 3273 seoretius
620 3239 625 3246 ·

185 3315 247 3379 sibi
270 3315 408 3378 sociavit

137 3441 214 3486 oum
237 3421 392 3501 germano
417 3418 516 3482 artius

187 3533 285 3604 teque
309 3521 486 3602 adamavit,

136 3627 326 3709 captivator
348 3624 483 3708 piscium

139 3731 249 3795 factus
271 3735 347 3812 post
367 3727 509 3790 fidelium
559 3752 563 3758 ·
651 3713 655 3718 ’

187 3839 303 3917 captor
326 3833 518 3912 animarum,

140 3934 221 4000 fidei
244 3954 294 3996 me
317 3935 439 3997 retibus

138 4049 273 4123 captum
293 4039 397 4122 junge
421 4038 557 4102 ooetibus

131 4229 134 4232 Ι
187 4161 273 4210 nuno
296 4139 560 4206 christicolarum.

141 4331 263 4396 Fidum
285 4339 318 4395 te
341 4330 532 4414 discipulum

189 4434 321 4498 Christo
345 4434 586 4516 demonstrasti,

142 4538 221 4602 dum
243 4558 304 4622 per
328 4536 438 4602 mnndi
463 4520 617 4602 circulum

188 4640 294 4723 ipsum
317 4639 522 4721 praedicasti,

143 4743 235 4825 quod
257 4761 374 4808 cruore
397 4746 550 4826 roboras,

814 965 888 1028 dum
910 964 985 1029 hinc
1008 985 1137 1044 crucem
1160 966 1281 1031 toleras

856 1069 916 1132 sibi
939 1070 1171 1150 conformatus3

631 1157 634 1162 ’
751 1243 757 1253 ,
812 1171 876 1234 hoc
898 1192 948 1234 me
972 1173 1065 1255 signo
1089 1181 1263 1256 protegas,

812 1274 1006 1352 bonodium,
1030 1276 1152 1356 dirigas

740 1379 761 1439 5
857 1397 989 1461 gressus
1013 1377 1180 1442 incolatds.

815 1568 951 1633 Crucem
975 1565 1182 1630 devotissime

858 1692 995 1738 cernens
1019 1671 1178 1752 salutasti,

815 1798 834 1840 a
858 1795 920 1857 qua
942 1783 977 1838 te
998 1774 1162 1836 laetissime

722 1897 761 1958 10
859 1879 979 1960 suscipi
998 1875 1141 1958 rogasti:

817 2001 856 2068 „o
881 2003 978 2062 crux,
999 1981 1119 2062 inquis,
1142 1979 1282 2060 inclyta,

815 2087 965 2150 membris
989 2083 1109 2146 Christi
1130 2067 1284 2164 praedita,

859 2190 987 2271 suscipe
1009 2179 1196 2251 clientem!“

742 2303 745 2313 ⁴
816 2312 836 2357 o
859 2295 907 2357 sio
929 2277 979 2354 me
1003 2291 1139 2372 diligere

816 2416 944 2462 oruoem
967 2402 1000 2457 et
1021 2395 1149 2475 erigere

859 2501 912 2563 lac
934 2499 966 2560 in
990 2497 1106 2562 coelum
1128 2499 1274 2556 mentem.

820 2689 867 2752 'l'u
889 2689 921 2751 in
945 2705 1040 2752 cruce
1063 2682 1161 2750 biduo

862 2795 955 2857 vivus
978 2787 1181 2874 perdurasti,

820 2914 884 2979 quo
907 2896 1009 2957 verbo
1035 2889 1164 2954 assiduo

863 3000 992 3082 plebem
1013 2991 1203 3058 informasti.

820 3107 914 3188 plebs
936 3099 1062 3182 Aegeae
1083 3097 1221 3176 minitat,
1285 3137 1286 3142 η

821 3209 923 3290 pium,
941 3205 1064 3288 justum
1089 3199 1230 3265 clamitat

865 3311 926 3374 sibi
947 3305 1115 3385 redonari,

822 3416 881 3478 sed
904 3413 967 3477 tuis
990 3425 1110 3493 parens
1132 3401 1284 3488 precihus
1379 3487 1383 3492 Ι

823 3519 863 3581 de
887 3523 1071 3580 sanctorum
1094 3507 1230 3574 coetibus

865 3620 943 3684 lecit
966 3613 1124 3699 adjuvari.

822 3809 913 3891 Ergo
937 3805 1010 3870 coeli
1031 3799 1165 3886 praemio

866 3913 1014 3996 gaudens
1037 3927 1122 3976 nuno
1144 3909 1260 3971 beatus

822 4029 878 4086 tuo
901 4037 951 4081 me
971 4012 1135 4080 consortio

862 4123 984 4206 jungas
1008 4122 1174 4194 exoratus,

823 4226 856 4288 in
879 4221 963 4286 omni
985 4217 1131 4302 periculo

725 4400 728 4404 ,
824 4327 929 4392 crucis
951 4323 1005 4386 fac
1028 4315 1197 4401 signaculo

867 4437 923 4492 tua
944 4442 1044 4508 prece
1066 4427 1186 4498 tutum,

777 4520 785 4534 ’
825 4532 936 4598 mortis
959 4531 991 4592 in
1014 4523 1153 4590 divortio

826 4645 883 4701 tuo
906 4631 1087 4717 patrocinio

732 4741 773 4804 35
872 4743 942 4799 esto
965 4731 1044 4797 mihi
1066 4733 1199 4794 scutum.
1290 4766 1291 4775 η

1404 3599 1446 3664 ou

1314 4203 1450 4308 'as

1409 4712 1454 4780 lh
