3294 5322
406 743 516 819 1089.
554 746 612 818 De
637 771 664 819 s.
690 745 839 818 Nicolao
875 749 1117 845 (troparium).

6 1019 7 1024 ,
112 963 145 1026 1.
179 959 267 1026 Laus
290 969 324 1025 et
346 963 452 1046 gloria
556 1048 566 1063 M

127 1064 238 1159 ‘deo
261 1066 304 1129 sit
323 1067 356 1130 in
378 1067 512 1152 saecula,
653 1159 656 1166 Ι

109 1329 140 1391 2.
172 1326 242 1404 oui·
255 1329 347 1392 nobis
369 1327 537 1394 Nicolaum

175 1430 309 1496 tradidit
331 1441 477 1499 sanctum
499 1435 671 1520 praesulem

173 1570 334 1636 Virtutum
362 1572 456 1638 donis
478 1575 609 1657 plenum

175 1694 215 1740 ac
237 1694 305 1741 suae
328 1678 432 1743 laudis
456 1678 615 1763 cupidum.

8 1868 10 1874 ’
111 1863 141 1926 3.
172 1861 338 1928 Mundana
360 1872 464 1930 mater

175 1985 270 2048 quem
292 1968 436 2051 profudit
458 1969 591 2050 Patera,

173 2101 260 2169 Urbs
287 2105 448 2186 quondam
472 2107 582 2172 clara-

172 2207 205 2268 in
229 2213 261 2270 te
283 2207 425 2290 pollens,
449 2207 585 2273 Graecia.

106 2397 138 2460 4.
170 2395 250 2460 Mox
271 2397 378 2461 infans
400 2397 538 2462 mundus

174 2501 275 2563 semel
297 2521 451 2565 mammas
475 2504 576 2586 suxit,

174 2605 224 2668 bis
247 2605 279 2667 in
303 2608 441 2670 sabbato

173 2741 208 2806 In
233 2753 348 2825 quarto
368 2753 465 2828 atque

174 2852 267 2908 sexto
290 2845 343 2909 die
366 2866 489 2912 vacans

173 2949 385 3014 abstinentiae.

111 3141 142 3203 5.
172 3138 233 3206 Hic
250 3141 382 3224 juvenis

174 3242 295 3308 florens
318 3245 428 3309 limina

173 3346 392 3430 frequentavit
416 3350 580 3435 ecclesiae,

177 3482 311 3569 Spiritui
418 3559 420 3565 ¹

174 3607 293 3673 corpus
315 3590 424 3656 nobile

173 3693 375 3780 subjiciendo
398 3695 522 3760 sedule.

107 3892 137 3954 6.
169 3889 323 3957 Electum
346 3894 485 3959 omnium

173 3995 361 4060 conscendit
383 3996 596 4081 pontificium,

174 4126 226 4192 Ex
248 4127 357 4193 divino
380 4151 511 4196 munere

173 4229 331 4316 praeditus
354 4231 421 4295 adit
443 4233 566 4314 gloriae.

108 4420 139 4484 7.
171 4417 232 4484 Hic
254 4428 382 4504 patrem
406 4420 446 4484 de
470 4421 606 4488 filiarum

174 4532 288 4608 stupro
312 4532 504 4590 tractantem

173 4637 280 4692 mente
305 4629 411 4713 patria

174 4734 343 4804 miseratus
367 4741 432 4818 est,

855 969 1028 1046 Condoluit
1056 974 1124 1036 auri
1148 975 1259 1058 pondo

855 1073 968 1137 formae
990 1075 1169 1158 virgiuum,

855 1175 942 1258 quod
965 1177 1046 1240 clam
1070 1178 1176 1242 intulit

853 1277 958 1342 noctis
981 1284 1136 1362 tempore.

682 1485 691 1519 2
788 1469 818 1532 8.
850 1467 911 1534 Hic
933 1476 1001 1532 tres
1019 1469 1162 1552 J'uvenes
1371 1471 1414 1534 35

715 1577 735 1638 5
772 1613 776 1618 -
853 1571 1008 1652 insontes,
1032 1572 1128 1634 morti
1151 1571 1347 1651 destinatos,

855 1678 990 1740 eruebat
1012 1675 1151 1758 liberos,

853 1789 974 1878 Durum
996 1813 1170 1898 praesidem

854 1937 894 1982 ac
917 1918 1080 1984 delatores
1104 1919 1286 2002 increpavit

774 2018 777 2026 '
852 2025 913 2087 sub
935 2027 1109 2092 verborum
1133 2023 1275 2088 stimulis.
1369 2024 1412 2088 40

695 2211 734 2274 ¹⁰
789 2231 819 2294 9.
851 2230 1011 2315 Tempore
1034 2231 1128 2296 famis
1216 2205 1219 2210 ⁵

857 2337 983 2418 copiam
1005 2337 1134 2418 frugum

853 2438 942 2502 anxit
963 2438 1116 2520 precibus
1127 2456 1136 2517 ;

852 2573 965 2639 Ovium
987 2575 1087 2637 vitam

852 2680 951 2744 tutari
973 2686 1085 2744 cautus

692 2851 731 2912 15
849 2789 964 2867 pastor
986 2782 1115 2854 studuit.

789 3001 838 3064 10.
861 2998 923 3065 Hic
944 2999 1032 3064 idola
1055 2999 1213 3064 destruxit

857 3125 960 3185 vana,
984 3105 1114 3186 erigens

858 3207 978 3273 Christi
1000 3209 1121 3291 templa
1142 3206 1267 3289 lucida,

858 3345 1071 3410 Simulacrum
1094 3345 1207 3409 Dianae
1354 3343 1412 3408 ’50

691 3491 733 3554 20
856 3450 961 3532 fregit
978 3469 1018 3513 ac
1041 3447 1173 3512 fraudes

857 3555 1056 3618 machinatas
1079 3553 1171 3616 eruit.

675 3833 677 3840 Α
785 3744 838 3807 11.
858 3741 957 3805 Paene
977 3741 1178 3825 periclitatos

858 3848 972 3908 nautas
995 3841 1170 3924 tranquillo
1193 3839 1275 3903 mari

859 3947 946 4011 facto
971 3945 1238 4024 confirmaverat3
1366 3939 1408 4005 55

855 4079 980 4162 Regem
1003 4096 1115 4144 somno
1134 4077 1298 4161 jacentem
1396 4113 1403 4155 ·.

857 4191 993 4269 propter
1015 4182 1206 4250 mactandos
1230 4180 1324 4248 strati

858 4287 964 4350 latens
987 4285 1199 4349 deterruerat.

690 4137 731 4200 25

718 4516 722 4522 “
787 4493 1088 4561 mammutius

856 4600 963 4663 oleum
985 4604 1126 4679 emanat,
1277 4672 1280 4678 ¹
1368 4589 1410 4656 60

690 4737 733 4802 30
861 4737 931 4816 Quo
954 4736 982 4800 si
1004 4735 1120 4803 debilis

1135 4835 1206 4903 29*
