3308 5310
235 322 279 390 28

236 515 286 582 'l'u
307 514 487 582 fecundasti
509 513 684 596 virginem,
840 514 858 572 5
911 507 1105 576 Ductoribus
1128 509 1278 586 ecclesiae

235 623 272 682 ut
293 633 412 680 novum
434 615 537 678 ferret
558 613 734 695 homiuem,
913 609 1020 677 dando
1042 612 1149 676 lumen
1172 613 1317 680 scientiae
1383 693 1388 700 κ

237 720 292 802 qui
314 737 372 783 sua
395 717 555 803 sapientia
913 713 1134 778 exterminasti
1155 714 1270 778 noxias

238 822 387 886 dissolvit
408 821 519 886 mortis
541 820 679 886 vincula.
912 815 1137 881 haereticorum
1160 819 1321 883 tenebras.

235 1005 470 1096 Apostolorum
489 1019 625 1095 pectora
912 1003 1006 1069 Nunc
1026 1005 1156 1088 pietatis
1180 1007 1300 1071 oleum.
1352 1075 1354 1081 .
1495 1012 1537 1074 25

236 1121 293 1179 tua
314 1114 450 1198 replesti
471 1115 595 1198 gratia,
819 1115 860 1179 10
912 1105 1005 1170 nohis
1029 1112 1080 1169 est
1100 1109 1339 1192 necessarium,
1493 1185 1496 1189 ,

236 1224 273 1284 ut
293 1218 326 1281 in
348 1214 517 1304 seripturis
536 1218 674 1301 mystica
914 1207 1002 1290 quod
1022 1217 1058 1272 ut
1079 1211 1265 1292 pectoribus
1288 1213 1408 1278 uostris

236 1328 371 1386 nossent
392 1307 512 1386 Christi
534 1323 706 1405 magnalia.
913 1311 1006 1406 lorge
1027 1312 1193 1396 infundas,
1215 1315 1371 1397 petimus,

237 1507 287 1574 De
308 1519 364 1575 tuo
386 1519 437 1575 est
459 1511 608 1594 consilio,
913 1499 963 1564 Ne
985 1500 1091 1563 indie
1109 1500 1225 1584 judicii

237 1613 327 1696 quod
347 1621 463 1696 gentes
486 1613 539 1680 (105
561 1615 629 1680 filio
914 1609 1033 1668 stemus
1056 1621 1128 1668 cum
1145 1605 1256 1668 servis
1278 1605 1407 1688 pavidi,
1496 1608 1539 1673 30

237 1735 355 1800 gressu
375 1717 595 1802 propinquant
616 1717 709 1801 fidei,
821 1720 861 1781 15
913 1707 973 1774 sed
996 1709 1091 1772 timor
1113 1714 1244 1773 sanctus
1267 1708 1342 1773 filiis

238 1838 332 1901 quem
355 1821 544 1906 repulerunt
565 1819 683 1886 Judaei.
909 1813 1029 1898 jungat
1050 1831 1110 1878 nos
1134 1813 1344 1878 electissimis.

238 2008 287 2074 'l'u
309 2009 472 2074 roborasti
490 2015 652 2092 martyres
912 2002 964 2072 Sit
985 2007 1043 2072 tihi
1064 2007 1135 2070 laus
1157 2007 1330 2091 paraclite,

237 2116 352 2176 eontra
374 2117 506 2175 cunctus
528 2101 738 2193 tyrannides
910 2112 984 2176 sous
1005 2111 1206 2176 multiformis
1225 2111 1341 2194 gratiae
1642 2191 1643 2196 ἵ

236 2213 329 2278 istius
349 2213 459 2277 muudi
481 2214 676 2297 principum,
911 2211 954 2276 de
976 2231 1098 2278 summo
1119 2221 1214 2299 patre
1238 2221 1272 2276 et
1293 2211 1360 2276 filio
1495 2215 1538 2277 ³5

235 2313 351 2380 fideles
371 2315 642 2399 persequentium.
817 2317 860 2380 20
911 2314 1101 2399 procedenti
1124 2324 1157 2380 et
1177 2317 1327 2384 mananti.

324 2502 373 2557 Hs.
390 2499 568 2558 sufflant
585 2502 637 2557 No.
656 2505 716 2560 575.
737 2506 770 2557 12
789 2503 887 2560 Jahrh.
954 2543 957 2547 -
1447 2549 1452 2556 .

241 2625 245 2632 ⁴
324 2624 422 2680 Dieses
440 2623 506 2679 [ieri
524 2625 574 2681 hat
591 2626 635 2681 die
648 2623 941 2697 higenthomliehkeit,
960 2626 1026 2681 dass
1044 2643 1074 2680 es
1094 2625 1143 2680 die'
1156 2625 1303 2698 Wirhuug
1320 2626 1370 2681 des
1384 2627 1410 2682 h.
1425 2625 1536 2684 Geistes
1642 2683 1643 2690 ,

235 2713 272 2768 im
290 2729 380 2768 neuen
399 2713 575 2768 Testamente
592 2713 782 2784 hervorhebt,
801 2729 863 2769 was
881 2713 910 2768 iu
929 2713 989 2769 ‹lau'
1001 2714 1113 2769 andern
1124 2713 1244 2768 hiedern
1262 2711 1315 2769 auf
1329 2713 1385 2769 alle
1402 2713 1536 2786 heiligen
1642 2723 1643 2762 t

235 2801 313 2856 nicht
329 2800 497 2855 vorkommt.
531 2800 570 2854 iis
588 2801 658 2870 geht
675 2801 764 2856 daher
781 2801 854 2856 uach
879 2800 929 2856 der
948 2799 1148 2872 Empfiuguiss
1174 2801 1270 2873 gleich
1287 2797 1341 2855 aui
1354 2801 1398 2856 uie
1416 2801 1537 2872 Apostel

235 2887 307 2942 fiber
329 2886 386 2942 und
409 2887 484 2942 reiht
507 2901 542 2942 au
562 2887 607 2942 die
625 2886 758 2960 Seuduug
781 2887 831 2942 ies
849 2889 875 2943 h
893 2888 1002 2944 Geistes
1026 2889 1071 2944 die
1090 2888 1197 2944 anderu
1216 2887 1347 2960 heiligen
1365 2903 1418 2956 au,
1450 2888 1538 2944 deren

236 2974 330 3030 heber
347 2973 403 3028 und
420 2974 481 3030 'rod
499 2990 565 3031 vom
584 2976 610 3029 h.
629 2975 722 3030 Geiste
741 2973 859 3045 geleitet
876 2976 982 3032 warde.
1480 3051 1482 3058 y

323 3097 379 3151 Der
397 3096 431 3151 V.
448 3099 484 3152 35
502 3096 600 3152 wirde
619 3097 718 3152 hesser
735 3113 770 3154 so
788 3098 896 3154 leuton:
916 3097 950 3153 de
968 3103 1049 3170 patre
1060 3076 1155 3170 'atque'
1168 3095 1238 3155 filio.
1275 3100 1310 3153 36
1328 3103 1422 3169 atque,
1439 3098 1488 3153 Hs.

326 3218 359 3274 V.
378 3212 461 3292 ΗΕ.
488 3219 542 3274 ’τῶν
560 3217 738 3287 ἀποστόλων,
769 3219 853 3297 κύριε,
871 3223 917 3276 καὶ
935 3219 1081 3297 προφητῶν
1103 3226 1149 3277 καὶ
1173 3221 1258 3278 ὁσίων
1281 3196 1326 3302 unt
1350 3220 1404 3277 τῶν
1430 3219 1537 3290 σεπτῶν

236 3304 454 3449 μέῖἰξῖἕέἴνέαέ
463 3305 516 3363 τῶν
534 3308 652 3363 δικαίων·
663 3316 833 3384 προσευχαῖς
851 3306 1032 3384 συγχώρησόν·
1046 3329 1095 3381 μοι
1114 3307 1222 3376 πάντα,
1251 3307 1321 3384 ἅπερ
1339 3309 1538 3381 ἐπλημμέλησα.

323 3434 368 3534 Ἃ,
378 3434 420 3536 12ἶ
446 3457 552 3537 Christi
575 3481 725 3552 magnalia
760 3481 854 3538 Daher
877 3449 987 3539 erkiirt
1009 3486 1129 3541 Athones.
1154 3485 1183 3542 in
1206 3500 1248 3555 ps.
1274 3485 1333 3554 104,
1351 3485 1395 3538 29.
1420 3482 1465 3536 die
1484 3483 1537 3538 Be-

236 3583 367 3639 nenuuug
384 3571 495 3644 χριστοὶ
513 3569 601 3624 durch
619 3565 776 3624 ἀπόστολοι.
1509 3571 1513 3580 “

607 3954 693 4027 637.
729 3956 787 4027 De
813 3957 926 4053 patria
953 3967 1163 4031 sanctorum.
1270 4029 1273 4036 .

236 4186 333 4251 Cives
356 4183 497 4248 coelestis
519 4187 650 4270 patriae,
709 4179 711 4185 ⁴
750 4197 753 4201 ’
912 4190 1023 4275 Jaspis
1046 4193 1156 4259 colore
1180 4195 1276 4259 viridi

234 4289 307 4374 regi
329 4307 442 4369 regum
465 4290 643 4373 concinite,
912 4296 1046 4378 praefert
1067 4296 1208 4361 virorem
1231 4297 1325 4381 fidei,

235 4393 290 4475 qui
311 4399 361 4455 est
383 4410 553 4475 supremus
575 4395 685 4478 opifex
912 4415 985 4478 quae
1007 4397 1038 4461 in
1060 4398 1217 4481 perfectis
1240 4401 1385 4465 omnihus

234 4493 377 4558 civitatis.
397 4496 554 4579 uranicae,
722 4564 725 4572 ,
911 4519 1072 4582 nunquam
1094 4505 1264 4569 marcescit
1285 4505 1427 4588 penitus,
1494 4509 1532 4571 to

233 4597 267 4659 iu
289 4597 381 4681 eujus
404 4597 543 4666 aedificio
839 4602 860 4662 5
912 4602 1005 4685 eujus
1027 4603 1105 4666 forti
1126 4605 1281 4686 praesidio

233 4703 306 4767 talis
329 4710 418 4768 extat
442 4702 598 4770 fundatio.
649 4771 654 4775 ,
911 4704 1071 4771 resistitur
1094 4705 1232 4774 diaholo.
