3326 5322
121 533 281 603 convertit
302 529 519 616 Porphyrium
711 501 716 510 ’
801 527 1000 612 angelusque
1025 530 1150 594 concite

164 637 292 703 hostem
315 656 386 702 oum
409 637 545 719 regina,
705 637 746 698 10
843 632 972 696 reduxit
994 632 1026 696 in
1049 633 1201 696 favillam.

120 760 243 808 vocans
267 741 309 804 ad
332 742 538 824 martyrium,

165 843 410 908 munditenens
433 842 505 904 ima.
1018 824 1061 888 od
1082 841 1207 888 nouum.

799 955 984 1028 Remittitur
1005 964 1038 1025 in
1062 981 1227 1026 carcerem

844 1087 933 1131 saeve
956 1065 1122 1147 flagellata

121 1172 178 1242 Ao
203 1179 366 1237 certamen
390 1170 516 1236 ducitur
799 1170 882 1236 hora
904 1169 989 1235 noni
1010 1190 1072 1253 per
1095 1187 1251 1233 caesarem
1276 1181 1286 1198 ·

166 1278 471 1359 virgo'praeparata
843 1274 994 1354 victuque
1017 1273 1163 1354 privata,

121 1380 204 1446 hori
222 1378 326 1463 prima
349 1378 477 1442 domino
534 1449 536 1454 ,
707 1378 745 1438 15
801 1376 859 1440 sed
883 1375 992 1440 divino
1015 1394 1148 1438 munere

165 1485 296 1547 multum
320 1482 518 1562 confortata,
621 1487 625 1492 '
844 1483 885 1544 ab
909 1480 1028 1561 angelo
1052 1480 1159 1543 cibata

122 1607 195 1669 quae
217 1587 316 1650 traxit
338 1583 552 1668 philosophos
800 1599 896 1645 sacro
919 1579 1051 1643 tandem
1073 1579 1208 1642 numine

165 1689 299 1755 mirifice
323 1689 434 1753 dotata
844 1703 1025 1764 recensque
1050 1683 1167 1746 oblata.

124 1792 166 1857 ad
189 1793 294 1856 lumen
317 1790 510 1871 veridicum,
705 1871 707 1876 Ι

167 1903 200 1960 et
221 1896 335 1977 regina
357 1897 463 1959 beata.
561 1877 565 1886 ⁴
706 1893 746 1955 20
1000 1874 1043 1939 ad
1064 1891 1222 1954 vesperos,

801 2011 906 2094 Jubar
930 2011 1238 2094 splendidissimum,

844 2117 940 2196 virgo
963 2114 1171 2195 Katherina,¹

122 2219 258 2302 Templo
282 2218 376 2283 adest
398 2217 495 2280 tertia
647 2209 648 2216 '
801 2238 892 2282 suum
915 2226 1025 2282 secuta
1049 2219 1210 2282 dominum

135 2335 141 2345 '
167 2322 250 2387 hora
271 2324 490 2403 incensorum,
598 2307 601 2314 ’
844 2322 928 2385 hora
950 2322 1137 2404 vespertina

122 2443 280 2490 caesarem
304 2424 495 2506 aggreditur
800 2426 980 2508 insignum
1003 2425 1200 2508 veridicum,

168 2529 269 2592 hostis
292 2528 468 2609 idolorum,
845 2529 932 2610 quod
953 2535 1020 2592 tota
1044 2530 1086 2592 sit
1108 2530 1236 2610 divina,
1344 2564 1348 2572 ·

120 2639 184 2716 per
206 2639 341 2696 metrum
365 2640 397 2696 et
420 2631 560 2714 logicam
707 2631 749 2694 25
802 2631 915 2696 effudit
936 2632 988 2695 lac
1010 2633 1215 2714 purissimum
1299 2673 1304 2684 -

168 2741 201 2797 et
222 2735 326 2798 Visum
349 2742 510 2824 astrorum
844 2755 906 2820 pro
929 2739 1086 2820 sanguine
1109 2738 1232 2819 regina.

122 2837 217 2901 duxit
239 2836 282 2900 aul
303 2837 450 2900 notitiam

169 2941 258 3021 regis
282 2941 480 3022 angelorum.
624 2959 639 3032 ‘⁴
958 2927 1001 2992 ad
1021 2926 1263 3008 completorium.

801 3063 926 3147 Nempe
950 3063 1151 3147 completorii

846 3167 928 3229 hora
950 3166 1139 3246 tumulatur,

121 3265 257 3332 Exarsit
278 3265 327 3328 ira
351 3265 484 3330 caesaris
719 3316 721 3320 .
801 3270 835 3333 in
858 3270 992 3334 sublime
1016 3267 1106 3331 Sinai

168 3370 309 3433 fremens
332 3371 364 3433 in
387 3371 558 3455 pupillam,
708 3372 748 3433 30
848 3374 888 3437 ab
913 3372 1039 3454 angelis
1062 3377 1227 3454 portatur,

123 3477 206 3540 hora
228 3482 323 3538 sexta
346 3475 496 3556 praecipit
802 3476 991 3542 vivofonte
1015 3475 1078 3538 olei

170 3577 289 3642 ducere
312 3579 479 3660 pusillam,
770 3608 774 3617 ·
847 3599 965 3663 corpu·
989 3579 1177 3661 decoratur,

124 3690 357 3745 tormentorum
379 3699 502 3764 genera
801 3681 877 3747 hinc
900 3681 1073 3746 convolent
1095 3679 1253 3762 languidi,

169 3801 289 3867 parans
312 3791 449 3866 propter
470 3783 557 3846 illam
846 3786 976 3848 morbus
1004 3785 1175 3864 effugatur.
1385 3785 1437 3850 60·

331 1035 372 1098 acl
392 1028 540 1115 primuml

332 2084 374 2148 ad
396 2084 528 2148 tertiam.
619 2117 621 2120 -

338 3129 380 3192 ccl
401 3133 531 3193 sectam.

212 3994 404 4048 Reichenauer
429 3992 476 4046 Hs.
504 3991 557 4046 No.
577 3993 619 4046 36.
638 3993 679 4048 Bl.
700 3995 759 4048 144.
795 3993 879 4066 Steht
896 3995 968 4048 anch
986 3995 1014 4048 in
1034 3996 1085 4049 der
1103 3995 1273 4050 liliinchener
1290 3994 1338 4050 Hs.
1357 3993 1427 4050 clm.

125 4081 203 4134 4123.
223 4077 242 4133 1.
260 4082 314 4134 306
333 4079 382 4134 des
401 4083 434 4132 15
452 4079 550 4136 lahrlr.
570 4080 614 4138 alu
632 4080 747 4151 Septem
765 4082 844 4136 horas
869 4082 903 4137 de
923 4099 944 4136 s.
964 4081 1133 4151 Katherina,
1166 4082 1240 4138 ohne
1259 4081 1308 4136 das
1326 4080 1429 4136 Invita·

125 4166 237 4222 terium.
273 4166 324 4220 Die
341 4165 431 4221 Versc
450 4166 542 4222 haben
560 4168 605 4222 hie
623 4168 679 4224 und
697 4167 734 4224 da
752 4168 814 4224 eine
832 4169 1015 4240 iibernihligo
1035 4170 1133 4240 Sylbe.

215 4312 247 4364 11
275 4311 426 4380 invocens,
454 4311 500 4365 lis.
553 4311 587 4364 21
610 4307 766 4384 thempho,
792 4313 841 4368 ns.
893 4312 1113 4371 suintericus.
1167 4319 1201 4372 32
1220 4317 1358 4384 educare,
1375 4313 1422 4371 lis.

126 4399 471 4467 sscaesaraesare,}1s..
505 4400 733 4456 severissimum
751 4403 789 4458 ist
807 4400 854 4458 for
872 4403 926 4458 den
944 4401 1022 4458 Reim
1040 4405 1146 4459 besser.
1182 4408 1216 4460 55
1235 4404 1358 4474 sublimi,
1376 4405 1420 4459 Hs.

126 4488 161 4541 59
179 4485 225 4540 hic
245 4485 404 4554 valuerunt,
422 4485 471 4540 lle.
1435 4496 1439 4504 “

214 4631 247 4687 V.
266 4635 308 4686 57.
344 4629 415 4716 fons¹
434 4633 499 4690 olei.
520 4634 598 4706 'Vgl
625 4635 677 4691 No.
704 4637 787 4704 loos,
808 4639 849 4691 13.
881 4639 934 4694 Νο.
961 4640 1106 4708 1005,15.
1154 4643 1206 4697 Die
1227 4613 1364 4700 (iriechen
1381 4609 1441 4698 oe'

126 4721 256 4792 trachten
275 4718 320 4774 die
337 4719 431 4793 sorge
457 4721 506 4777 der
525 4723 668 4794 Mirtyrer
692 4722 748 4778 und
773 4723 891 4780 anderen
908 4725 1041 4799 Heiligen
1059 4727 1216 4800 gleichsam
1234 4729 1278 4786 als
1296 4732 1428 4788 Brunncn

1149 4817 1222 4886 24*
