3332 5318
494 703 578 778 718.
617 702 783 802 Hymnus
808 699 852 772 de
878 725 906 771 s.
934 697 1074 770 Thema
1101 695 1273 796 apostolo.

231 911 372 976 Fructus
396 906 486 972 floris
509 905 664 988 virginei,
911 902 939 966 0
961 900 1084 965 Thoma
1105 918 1167 983 pro
1189 897 1283 963 nobis
1306 914 1365 961 ora

233 1016 344 1080 oibans
368 1018 499 1075 sanotos
522 1009 554 1072 in
577 1008 701 1091 patria,
800 1055 803 1060 ,
911 1012 945 1069 et
966 1005 999 1069 in
1017 1004 1087 1069 lide
1110 1021 1170 1068 nos
1193 1004 1328 1067 robora.

232 1117 323 1181 dedit
344 1117 378 1180 in
400 1118 501 1180 robur
523 1112 600 1177 fidei
910 1109 1008 1173 visita
1030 1126 1091 1172 nos
1115 1109 1184 1172 sine
1206 1124 1315 1187 mora,
1498 1105 1538 1168 15

233 1217 454 1283 laborantibus
477 1217 508 1278 in
531 1216 586 1278 via
912 1209 1066 1276 defensor
1088 1210 1200 1275 mortis
1221 1210 1254 1273 in
1276 1208 1367 1272 hora.

233 1404 387 1468 Thomam
411 1402 530 1466 olivam
554 1401 683 1483 gratiae,
838 1401 857 1461 5
911 1401 1032 1485 Hujus,
1056 1398 1202 1483 Christe,
1225 1399 1411 1484 precamine

233 1508 378 1571 salutare
400 1505 589 1586 remedium,
677 1582 679 1591 y
910 1507 964 1570 fao
986 1505 1020 1568 in
1042 1513 1097 1569 tua
1119 1503 1303 1586 dulcedine,

233 1627 347 1673 verum
365 1606 464 1690 jubar
487 1605 623 1687 laetitiae,
911 1625 971 1672 nos
994 1614 1152 1689 purgatos
1176 1627 1196 1669 a
1217 1606 1348 1670 erimine

234 1710 401 1792 singulare
423 1707 620 1793 praesidium.
907 1709 1083 1794 jocundari
1105 1710 1175 1774 sine
1197 1708 1271 1772 fine.
1495 1708 1538 1770 20

234 1899 295 1964 Hic
318 1898 446 1963 disoens
469 1897 691 1980 experimento
912 1897 983 1962 'libi
1006 1897 1077 1961 laus
1101 1905 1133 1961 et
1155 1898 1337 1979 aeternitas,

234 2002 398 2085 surgentis
422 2000 543 2064 Christi
565 2001 702 2067 dextera
819 2002 858 2065 10
912 2002 997 2065 trina
1019 2010 1052 2065 et
1074 2021 1138 2065 una
1161 2000 1284 2082 deitaS,

235 2124 308 2170 oum
330 2103 482 2166 virtutum
505 2103 703 2167 incremento
912 2111 947 2168 tn
968 2104 1062 2168 nobis
1087 2123 1169 2168 vera
1192 2104 1346 2168 sanctitas

235 2215 335 2272 totam
357 2206 448 2270 fuloit
470 2205 651 2269 eoolesiam.
912 2214 945 2270 et
968 2213 1092 2271 aeterna
1113 2207 1259 2272 felicitas.

261 2448 264 2453 ,
322 2392 370 2446 Η1.
395 2409 430 2446 nu
447 2391 592 2461 diuinohen,
611 2391 680 2448 Glnn.
699 2388 909 2446 1311811289.
928 2392 1078 2447 1211111.

223 2533 225 2538 ·
322 2515 358 2567 10
376 2514 492 2569 dextera
510 2513 593 2568 reimt
610 2513 702 2582 nieht,
734 2513 779 2570 ioh
797 2513 916 2584 glaube,
943 2529 1006 2568 man
1027 2513 1112 2568 sollte
1135 2514 1197 2569 hier
1215 2514 1359 2569 dexteram
1377 2515 1455 2569 lesen
1482 2517 1541 2570 und

235 2604 268 2656 12
282 2607 371 2658 totam
384 2601 531 2656 anslassen
545 2600 600 2655 und
614 2597 775 2655 fulcientem
789 2606 892 2668 setzen,
911 2597 984 2654 dann
999 2600 1131 2654 beziehen
1146 2601 1206 2655 sioh
1222 2603 1325 2656 10-12
1339 2601 1392 2656 aui
1400 2603 1540 2673 Christus,

234 2707 296 2744 was
315 2689 365 2744 der
384 2689 508 2760 Strophe
528 2688 609 2744 einen
628 2688 686 2742 viel
703 2689 821 2744 bessern
838 2688 1078 2759 zusammenhang
1096 2689 1171 2760 gibt,
1196 2690 1240 2745 ais
1259 2690 1312 2744 den
1331 2689 1372 2744 sie
1386 2689 1463 2762 jetnt
1479 2691 1550 2746 hat..

235 2779 269 2830 1o
289 2777 386 2830 besser
405 2776 513 2831 soheint
531 2777 584 2830 mir
603 2773 728 2831 defende.

290 2897 296 2978 ’γ
323 2899 355 2952 V.
374 2903 398 2953 1.
415 2902 440 2952 2.
464 2899 526 2954 sind
544 2899 768 2971 Umsohreibnng
785 2895 833 2954 tur
848 2903 926 2970 punis
944 2901 1061 2968 11111111,
1086 2899 1158 2954 denn
1182 2904 1271 2970 potrto
1288 2900 1326 2957 ist
1344 2901 1394 2955 der
1411 2900 1540 2956 Himmel.

235 2989 288 3043 No.
307 2990 333 3055 3,
351 2990 376 3041 3.
405 2987 458 3041 No.
477 2987 539 3054 300,
557 2988 599 3040 15.
627 2986 760 3055 No-301,
780 2989 803 3041 1.
829 2987 943 3058 Noto,
963 2991 1004 3041 12.
1033 2988 1084 3043 Νο.
1105 2989 1148 3057 81,
1166 2991 1201 3042 75
1218 2987 1266 3061 fig.

325 3073 358 3127 V.
376 3074 402 3126 3,
430 3073 519 3128 robur
537 3070 610 3127 fidoi.
638 3074 706 3128 Plus
725 3073 807 3129 nobis
826 3075 940 3130 Thomas
959 3072 1111 3131 infidelitas
1129 3077 1165 3130 ad
1182 3073 1272 3145 iidem,
1291 3091 1373 3147 quam
1389 3073 1459 3130 fides
1478 3092 1541 3130 111-

236 3161 359 3216 dentium
379 3159 579 3230 discipulorum
597 3159 716 3230 profuit.
753 3160 862 3231 Grepor.
880 3162 916 3216 M.
934 3163 1007 3217 hom.
1025 3165 1054 3216 in
1072 3179 1114 3216 ev.
1132 3165 1157 3231 2,
1175 3165 1219 3232 26,
1237 3167 1262 3217 1.

321 3336 402 3391 Nooh
429 3335 475 3390 ein
499 3334 569 3390 Liod
594 3333 647 3390 auf
669 3335 765 3390 diesen
789 3336 911 3406 Apostel
936 3352 994 3391 von
1021 3337 1083 3391 dem
1101 3336 1185 3391 Prior
1203 3337 1314 3402 Konrat
1341 3353 1399 3392 von
1421 3337 1540 3408 (iaming

238 3425 315 3478 steht
332 3424 361 3478 in
381 3423 431 3477 der
449 3423 621 3478 dliinchener
639 3423 687 3479 111.
706 3423 775 3480 0111.
793 3425 863 3479 3012
891 3425 947 3479 und
964 3425 992 3480 in
1011 3424 1061 3481 der
1079 3424 1273 3479 Reiohenauer
1297 3423 1350 3478 No.
1368 3425 1411 3478 36.
1438 3421 1458 3478 f.
1478 3424 1540 3478 182.

235 3509 286 3565 mit
304 3511 407 3563 diesem
426 3507 553 3581 Anfang:

305 3631 391 3686 Salve
410 3631 555 3701 pulchrum
574 3633 651 3687 sidus
670 3631 750 3701 ooeli,
980 3650 998 3688 o
1017 3633 1147 3703 apostole
1167 3634 1285 3704 dilecte,

306 3722 334 3772 te
354 3717 448 3771 saluto
467 3733 541 3772 nuno
558 3715 635 3774 fideli
820 3787 822 3794 y
981 3723 1078 3774 sancte
1097 3721 1204 3776 'litoma
1223 3721 1402 3792 praedileote‚

340 3809 446 3873 mente,
464 3803 537 3860 flexo
557 3804 679 3875 poplite,
1013 3797 1078 3861 coeli
1096 3809 1228 3880 princeps
1246 3808 1348 3863 inolito.

543 4103 628 4179 719.
664 4106 723 4178 De
750 4132 778 4177 s.
803 4103 972 4180 Matrhaeo
999 4109 1244 4205 (troparium).

236 4339 265 4398 1.
287 4332 324 4396 In
345 4333 438 4397 deum
461 4335 584 4398 exultet
603 4334 772 4419 jubilando
967 4335 1102 4413 Quando
1116 4336 1263 4402 Christus
1277 4337 1376 4401 lesus
1391 4336 1484 4402 adse
1521 4341 1541 4400 5

288 4459 365 4504 oaro
388 4449 421 4502 et
443 4457 500 4505 oor
520 4448 681 4522 nostrum,
965 4443 1096 4508 vocavit
1118 4443 1326 4508 Matthaeum..

174 4606 176 4610 ’
287 4578 412 4648 Etenim
435 4599 551 4664 passer
914 4583 943 4646 2.
967 4579 1187 4646 Asoensiones

287 4681 453 4746 adinvenit
475 4683 537 4747 sibi
560 4683 705 4765 domum,
915 4732 917 4738 -
966 4687 998 4749 in
1022 4683 1121 4751 oorde
1143 4686 1297 4767 qui'tnno
1320 4684 1495 4769 disposuit,
