3332 5318
222 339 287 403 112

224 525 250 590 0
274 524 391 589 dilecte
414 541 484 606 prae
508 523 641 604 ceteris,
743 583 746 590 ,
903 529 937 586 tu
961 521 1014 602 qui
1037 519 1139 600 collis,
1162 517 1224 583 duo
1247 517 1290 583 ad
1312 527 1464 602 mentem,

224 626 402 707 Christum,
427 645 446 689 a
470 641 534 708 quo
558 623 720 706 diligeris,
901 634 1023 710 praesta
1047 643 1200 712 sponsum

223 728 434 812 interpellans
905 725 948 790 ad
969 726 1143 792 videndum
1488 727 1528 788 35

224 841 257 897 et
281 850 421 895 exorans
704 819 710 905 '¹
809 829 850 890 30
903 829 998 909 virgo
1021 836 1107 893 totus
1130 829 1244 910 gratia.

224 953 284 998 nos
309 935 339 998 ei
362 933 505 998 concilia.

903 1017 1033 1103 sponse
1056 1019 1127 1084 laus
1150 1039 1210 1103 per
1229 1018 1348 1084 secula.

225 1097 274 1162 Tu
297 1097 351 1178 qui
373 1097 475 1178 rivuS,
500 1095 562 1160 due
585 1095 627 1160 ad
649 1097 784 1174 fontem,

312 1286 360 1341 lis.
381 1303 414 1338 zu
433 1285 514 1352 Bern,
533 1283 596 1337 hist.
615 1285 649 1336 tv
668 1299 718 1338 aus
737 1281 799 1337 dem
820 1283 853 1334 114
871 1280 968 1336 Jahrb.
1005 1280 1089 1335 Diese
1107 1279 1234 1350 Sequens
1252 1280 1301 1334 hat
1318 1279 1344 1334 in
1364 1278 1453 1333 ibrem
1468 1277 1528 1334 Bau
1570 1271 1585 1292 ⁸

223 1374 421 1432 aehnlichkeit
438 1372 488 1428 mit
506 1371 595 1424 einem
613 1371 714 1425 Kancn
732 1386 790 1426 von
808 1369 973 1440 Troparien.

311 1499 328 1551 8
350 1496 477 1568 angelus,
496 1495 542 1549 ils,
580 1498 614 1547 1⁶1
632 1494 758 1560 miratur,
777 1493 824 1548 lls.
863 1493 896 1547 18
915 1493 1013 1546 besser
1032 1495 1111 1547 ware
1130 1493 1270 1548 tormenti.

312 1618 345 1670 V.
365 1621 389 1670 1.
418 1616 573 1672 trinitatem
591 1619 722 1682 reserat,
746 1614 806 1668 dies
830 1614 905 1667 wird
932 1613 958 1666 in
978 1612 1030 1668 den
1049 1614 1165 1669 Menden
1185 1615 1307 1672 erkldrt:
1337 1613 1367 1668 τὸ
1386 1611 1527 1688 ἅρχῇμὲν

225 1711 306 1776 ἔφησε
324 1703 373 1759 τοῦ
392 1701 482 1774 λόγου,
502 1694 588 1763 αὖθις
608 1700 686 1756 δὲτὸ
706 1698 777 1776 πρὸς
797 1699 843 1755 τὸν
862 1703 967 1774 πατέρα
983 1697 1146 1773 ἀχώριστον,
1166 1704 1211 1755 καὶ
1225 1701 1255 1756 τὸ
1270 1695 1337 1770 ἴσον,
1360 1701 1428 1773 μετὰ
1442 1700 1530 1756 ταῦτα

225 1793 272 1862 τῆς
287 1788 452 1864 τοῦπατρὸς
466 1785 577 1850 οὐσίας·
597 1785 724 1842 δεικνύων
743 1787 807 1857 ἡμῖν
826 1787 862 1842 δι’
881 1785 966 1842 αὐτοῦ
983 1787 1031 1859 τὴν
1051 1783 1222 1861 ὀρθοὸοξίαν
1240 1787 1288 1858 τῆς
1307 1789 1390 1865 ἁγίας
1408 1788 1530 1865 τριάδος.
1607 1837 1609 1842 .

225 1879 289 1934 ilai.
308 1879 331 1932 8.
367 1879 460 1932 Daher
483 1876 572 1930 heisst
597 1891 628 1930 es
655 1876 728 1929 auch
747 1875 823 1944 Sept.
842 1876 885 1929 26.
922 1873 1036 1950 γράψας
1061 1873 1124 1945 ἡμῖν
1151 1875 1182 1931 τὸ
1206 1877 1331 1952 Χριστοῦ
1355 1880 1529 1953 ἐυαγγέλιον.

227 1968 369 2039 θεολογεῖν
394 1966 439 2020 τὸν
463 1967 568 2039 πατέρα
596 1967 641 2018 καὶ
669 1963 715 2018 τὸν
740 1962 798 2018 dedu
824 1967 869 2017 καὶ
887 1961 917 2018 τὸ
939 1962 1046 2034 πνεῦμα
1066 1965 1249 2029 ἐξεπαίδιαοε.
1285 1963 1334 2035 τῆς
1352 1965 1465 2039 τριάδος
1483 1964 1531 2037 τὴν

225 2052 326 2126 γνῶσιν
352 2049 488 2126 ἀριθήλως
512 2048 582 2105 πᾶσι
608 2059 665 2112 τοῖς
687 2054 797 2106 senece
816 2047 935 2125 ἐκήρυξε.
972 2050 1157 2121 Evangelista
1174 2050 1316 2107 Jobannes
1336 2054 1415 2109 velut
1434 2053 1532 2124 aquila

225 2144 306 2198 volat
323 2143 409 2197 altius
428 2141 632 2212 caliginemque
650 2147 736 2196 terrae
756 2141 939 2207 transcendit,
958 2146 987 2196 et
1004 2141 1094 2194 lucem
1112 2142 1241 2196 veritatis
1256 2139 1427 2196 firmioribus
1438 2142 1530 2196 oculis

226 2233 359 2285 intuetur.
386 2232 517 2300 Angustia.
537 2229 565 2282 in
584 2244 684 2299 evang.
702 2229 767 2283 deb.
786 2230 812 2296 3,
832 2230 873 2281 15.
893 2229 948 2293 §L
985 2228 1023 2282 Er
1048 2228 1122 2281 wird
1146 2229 1218 2283 auch
1244 2229 1291 2283 bei
1315 2229 1367 2283 den
1392 2228 1531 2285 Griechen

225 2319 276 2373 mit
294 2319 356 2372 dem
375 2319 464 2373 Adler
483 2316 653 2387 abgebildet.
681 2317 778 2370 Hcrnr.
799 2317 857 2368 176.
877 2316 948 2369 nach
962 2317 1062 2369 Ezech.
1082 2318 1106 2383 1,
1128 2318 1171 2370 10.
1428 2381 1433 2392 .

313 2406 348 2459 V.
367 2408 391 2458 2.
418 2420 538 2458 summus
557 2403 742 2474 evangelista,
762 2402 851 2456 daber
869 2402 897 2456 in
916 2402 968 2456 den
986 2402 1103 2457 Menben
1122 2404 1253 2472 θεμέλιος
1266 2401 1319 2458 τῶν
1333 2406 1419 2458 θείων
1433 2402 1531 2480 λόγων,

227 2490 349 2566 ἀρχηγὸς
366 2490 414 2562 τῆς
434 2493 589 2565 θεολογίας.
617 2491 680 2546 Mai.
699 2491 723 2545 8.
756 2488 844 2565 κήριξ
862 2487 1023 2564 πρώτιστος.
1042 2489 1079 2542 ib.
1120 2490 1272 2544 altissimus
1291 2491 1531 2562 evangelistarum

226 2582 278 2636 dei.
310 2583 423 2635 Ausetani
441 2584 513 2634 crat.
532 2581 573 2633 67.

314 2669 349 2722 V.
364 2670 389 2722 l.
418 2666 629 2722 Transcendens
647 2666 808 2721 universam
827 2670 994 2734 creaturam,
1013 2666 1212 2734 transcendens
1228 2667 1328 2736 omnia,
1347 2667 1376 2721 in
1389 2669 1530 2740 principio

226 2759 342 2813 verbum
361 2757 432 2812 vidit
449 2762 478 2811 et
495 2757 581 2824 bibit;
619 2771 704 2825 super
723 2770 831 2810 omnem
852 2760 1010 2810 creaturam
1028 2755 1113 2823 vidit,
1141 2755 1174 2808 de
1193 2761 1309 2825 pectere
1328 2755 1433 2811 domini
1450 2756 1531 2811 bibit.

226 2847 254 2902 S.
272 2847 408 2914 Augustini
431 2859 524 2898 sermo
545 2844 609 2909 120,
630 2846 654 2895 1.
688 2841 915 2896 Transcenderat
934 2842 1027 2896 omnia
1046 2843 1188 2897 cacumina
1207 2848 1360 2912 terrarum,
1387 2848 1532 2898 transcen·

226 2932 308 2986 derat
327 2941 422 2984 omnes
442 2945 556 2999 campos
575 2929 664 2996 airis,
692 2929 906 2983 transcenderat
925 2945 1021 2983 omnes
1040 2929 1202 2985 altitudines
1222 2930 1357 2999 siderum,
1386 2936 1531 2986 transcen-

226 3018 308 3072 derat
327 3033 422 3071 cmnes
441 3017 546 3070 choros
565 3020 594 3069 et
612 3015 740 3086 legiones
760 3016 934 3087 angelorum.
962 3017 1016 3070 nisi
1035 3018 1106 3071 enim
1124 3019 1338 3073 transcenderet
1356 3019 1412 3074 ista
1428 3019 1530 3086 emnia,

226 3121 289 3176 quae
308 3109 406 3158 creata
424 3106 497 3169 sunt,
516 3118 573 3156 non
589 3102 752 3172 perveniret
771 3103 808 3157 ad
827 3119 896 3171 eum,
915 3120 1064 3174 perquem
1083 3102 1243 3160 factasunt
1262 3105 1361 3161 omnia.
1386 3106 1531 3175 Angustia

225 3193 289 3250 ton.
305 3207 405 3261 evang.
420 3193 443 3258 1,
459 3193 483 3244 5.

313 3279 345 3332 V.
364 3281 406 3332 21.
430 3278 534 3349 Virgo,
561 3281 719 3353 παρθένος,
751 3279 840 3334 heisst
857 3279 1001 3335 iohannes
1027 3280 1097 3333 auch
1121 3279 1310 3350 regelmiissig
1333 3279 1362 3333 in
1386 3279 1439 3332 den
1458 3281 1534 3334 Tro-

225 3365 331 3434 parien.
360 3365 431 3419 Gour
450 3366 479 3420 S.
497 3367 558 3420 336.
595 3367 625 3421 ln
651 3366 704 3421 den
728 3367 845 3422 blenden
873 3368 944 3420 auch
969 3367 1031 3421 eine
1056 3366 1158 3422 andere
1182 3366 1365 3438 Verbindung
1390 3365 1529 3442 θεολόγοι

224 3454 377 3525 παρθένος,
401 3452 478 3523 Sept.
496 3454 539 3507 26.

489 3737 572 3810 704.
611 3738 653 3808 ln
678 3739 855 3810 nativitate
883 3764 910 3809 s.
937 3736 1116 3810 dehauuis
1139 3763 1265 3840 evang.

227 3935 399 4001 Sollemnis
422 3939 491 4003 dies
516 3939 662 4020 advenit,
905 3940 1006 4017 Quem
1031 3959 1125 4008 sacro
1149 3963 1247 4028 super
1268 3953 1403 4028 pectore

227 4059 290 4124 quo
312 4043 406 4126 virgo
429 4046 546 4108 coelum
569 4044 675 4126 petiit,
905 4051 959 4106 tuo
982 4044 1064 4108 facis
1087 4050 1277 4112 recumbere
1491 4054 1534 4118 10

225 4149 429 4232 evangelista
452 4150 622 4229 maximus,
904 4147 1014 4212 ultima
1036 4149 1068 4211 in
1091 4169 1198 4233 crena,
1223 4151 1363 4233 domine,

225 4253 393 4319 Jobannes
418 4260 450 4320 et
473 4252 649 4336 apostolus.
905 4269 998 4333 quam
1017 4257 1173 4334 patereris
1193 4257 1305 4336 pridie.

225 4417 308 4484 Hinc
331 4427 409 4483 vota
431 4418 536 4482 laudis
559 4419 690 4482 solvere
831 4423 850 4480 5
905 4410 966 4476 Oui
988 4421 1122 4479 matrem
1146 4415 1202 4478 tali
1224 4415 1348 4481 foedere

226 4530 259 4586 et
282 4523 434 4605 hymnum
457 4523 556 4604 gestit
577 4539 729 4604 promere
904 4517 1016 4580 mortis
1040 4518 1210 4601 conjungis
1232 4528 1395 4604 tempore,

227 4632 360 4690 caterva
382 4625 484 4688 nostri
507 4624 628 4688 ordinis
905 4627 939 4684 ut
961 4622 1111 4685 noverint
1133 4640 1168 4685 se
1193 4626 1303 4688 colere
1492 4628 1535 4691 15

225 4725 349 4790 honore
373 4728 453 4791 tanti
475 4727 607 4792 coelibis.
904 4730 1014 4791 metris
1038 4749 1077 4795 ac
1099 4732 1202 4813 prolis
1227 4733 1363 4796 nomine.
