3294 5322
162 748 270 824 1134.
310 747 352 816 lu
381 743 599 816 sollennitate
627 768 654 813 s.
680 741 926 834 Prosdocimi,
966 744 1070 840 primi
1097 745 1254 844 episcopi
1279 747 1424 820 Paduae.

693 861 853 962 hymnus.

118 1081 193 1146 Lux
217 1087 250 1142 et
273 1067 373 1142 decus
398 1078 559 1157 ecclesiae,
799 1078 835 1143 In
858 1078 980 1142 fructus
1000 1067 1137 1162 jamque
1155 1090 1327 1167 properat,

119 1192 269 1252 servator
297 1183 490 1248 innocentiae
798 1183 897 1245 urbes
920 1188 954 1245 et
976 1189 1081 1244 terras
1105 1193 1252 1266 superat,

119 1299 152 1354 et
174 1288 525 1370 sanctitatepraeditus
659 1325 662 1332 ·
722 1319 724 1325 .
799 1286 904 1349 donec
927 1286 1033 1368 attigit
1055 1285 1214 1369 Paduam,
1382 1294 1420 1352 15

120 1388 289 1458 confessor
313 1397 363 1454 est
385 1385 621 1455 Prosdocimus.
668 1383 672 1392 ’
799 1386 840 1452 ad
864 1388 955 1471 cujus
979 1398 1072 1453 sanat
1091 1390 1225 1474 januam

118 1584 179 1662 Qui
202 1591 295 1650 natus
319 1569 375 1648 cst
389 1585 422 1649 in
447 1584 573 1650 Graeoia
724 1589 743 1648 5
797 1575 931 1658 Aegros
954 1585 987 1641 et
1009 1579 1129 1644 morbis
1153 1579 1341 1662 languidoS‚

118 1687 278 1771 pernobili
301 1683 473 1772 prosapia,
797 1697 918 1760 caecos,
943 1679 1059 1744 surdos
1083 1686 1115 1743 et
1137 1679 1263 1764 aridos,

121 1790 175 1854 dei
198 1791 340 1874 repletus
363 1791 470 1872 gratia
797 1783 971 1846 frementes
995 1790 1028 1847 et
1050 1783 1209 1848 lunaticos

119 1890 279 1956 mundana
304 1893 382 1956 vicit
405 1892 533 1974 gaudia.
797 1893 829 1949 et
854 1893 945 1950 curat
967 1887 1177 1971 paralyticos.
1378 1891 1420 1954 20

41 2151 46 2166 ,
116 2080 210 2146 Nunc
233 2080 329 2144 fldem
352 2079 632 2164 docetclaviger,
796 2077 847 2142 Sit
868 2079 940 2142 laus
963 2081 1203 2164 omnipotentiae

116 2183 154 2249 ot
175 2184 250 2248 inde
273 2184 366 2248 fortis
388 2186 531 2268 armiger
702 2187 742 2249 to
795 2191 937 2266 natoque
960 2182 1059 2248 decus
1082 2185 1212 2267 gloriae,

115 2293 231 2352 contra
254 2286 414 2368 malignos
437 2288 586 2369 spiritus,
795 2285 837 2348 sit
858 2286 964 2368 honor
991 2293 1104 2350 sancto
1127 2285 1247 2350 flamini

116 2389 171 2471 qui
193 2387 269 2450 vitae
293 2396 415 2470 negant
438 2387 553 2452 aditus.
770 2395 970 2470 nostroque
994 2389 1081 2453 salus
1105 2390 1233 2471 agmini.

204 2573 257 2627 Hs:
271 2573 321 2626 der
339 2569 689 2629 Universitiitsbibliothek
707 2587 741 2626 zu
759 2539 863 2639 Padus,
882 2571 934 2626 No.
955 2573 1014 2627 702.
1033 2573 1083 2626 des
1103 2573 1136 2624 15
1154 2571 1251 2626 tauro.

204 2703 426 2780 2'scrvatorem,
445 2709 491 2765 Hs.
529 2712 546 2764 3
564 2709 592 2795 in
612 2707 631 2764 f.
651 2713 687 2780 et,
705 2710 753 2765 Hs.
791 2712 808 2766 8
826 2710 950 2780 vincens,
968 2708 1016 2764 Hs.

460 2998 569 3072 1135.
599 2975 780 3097 ajamim.
814 2994 859 3067 aa
886 2998 1081 3068 matutinas.

28 3209 31 3216 '
116 3201 256 3266 Errores
279 3201 319 3266 ad
343 3187 510 3286 gentilium
557 3183 559 3188 ¹
795 3199 947 3282 Tarvisii,
970 3199 1128 3264 Vicentire

117 3324 152 3369 se
175 3307 345 3387 transfert,
369 3317 404 3370 ut
426 3305 592 3371 consilium
793 3312 989 3370 constructa
1013 3314 1087 3371 sunt
1110 3305 1275 3386 ecciesiae,

116 3410 227 3474 salutis
251 3410 297 3474 eis
320 3410 456 3490 tribuat,
794 3416 918 3473 ornatae
942 3408 1167 3475 sacerdotibus
1244 3447 1247 3454 ·
1378 3415 1416 3474 15

115 3532 157 3577 ne
180 3531 261 3598 gens
285 3511 442 3576 salvanda
463 3519 586 3597 pereat.
794 3520 827 3576 et
848 3512 981 3594 reliquis
1006 3512 1181 3579 ordinibus,

116 3674 280 3742 Christum
303 3684 432 3742 secutur
455 3678 630 3761 praedicat,
719 3680 739 3739 5

115 3787 261 3844 vetustos
284 3781 364 3845 ritus
388 3779 533 3864 abdicat,

115 3894 151 3949 ut
172 3883 391 3966 baptizentur,
414 3885 552 3967 indicat,

117 3991 226 4048 reatus
248 3986 407 4068 pandant,
430 3988 550 4055 incitat.

793 3724 938 3808 Altrina,
962 3725 1082 3792 Feltris
1105 3727 1247 3811 nobiles,

793 3828 888 3912 Este,
912 3830 1064 3914 villaeque
1088 3832 1202 3896 faciles

794 3932 888 4001 deum
911 3944 1113 4018 cognoscunt
1135 3937 1275 4021 pariter,

793 4035 890 4101 fidem
915 4047 1048 4104 servant
1070 4039 1238 4104 humiliter.
1374 4042 1416 4105 20

117 4145 283 4212 Clamatur
304 4153 426 4233 praesul
447 4153 569 4220 Padure
595 4154 598 4162 '

115 4251 201 4316 illius
224 4251 312 4314 urbis
335 4258 491 4335 strenam,
699 4259 739 4322 ro
795 4251 845 4318 Sit
867 4253 939 4320 laus
961 4255 1080 4338 omnip.

116 4375 177 4439 per
200 4361 313 4418 sancta
336 4353 408 4436 ejus
431 4356 545 4419 merita

117 4466 169 4526 est
190 4457 272 4522 fides
297 4457 420 4524 cunctis
443 4459 562 4542 agnita.

900 4397 960 4456 etc.

204 4628 264 4683 Ans
282 4623 433 4684 uersuta:
450 4625 497 4682 lis.

209 4752 347 4824 aponus,
362 4747 410 4806 Hs.
428 4738 526 4806 §aaut
560 4751 577 4802 7
595 4747 766 4821 baptizetur,
780 4751 828 4807 Hs.
866 4754 897 4805 11
917 4753 981 4826 ejus
999 4750 1072 4808 fehlt
1090 4752 1140 4808 der
1154 4753 1206 4824 fle.
