3308 5310
860 513 863 520 ’
895 517 1028 597 quorum
1050 515 1165 578 merita
1187 516 1283 578 beata

893 619 926 682 in
948 601 1127 701 'conspectui
1151 617 1204 680 dei
1227 625 1330 699 grata.

423 519 625 602 eoanpattstae.

215 685 262 748 'l'e
285 681 453 748 custodem
475 682 569 746 matri
593 681 690 762 dedit,
797 681 838 744 25

213 806 302 852 mors
326 794 461 852 cruenta
483 794 516 850 te
539 801 603 849 non
625 785 730 867 laedit,

212 900 329 976 pectus
351 891 455 955 Jhesu
478 899 512 953 tu
536 889 667 970 suxisti,

213 997 295 1060 mira
318 994 370 1058 dei
393 993 592 1078 praevidisti,
893 995 961 1052 tum
983 988 1098 1070 vigens
1121 989 1322 1070 innocentia,

215 1116 330 1180 carne,
354 1103 459 1160 mente
483 1103 518 1160 tu
541 1097 673 1176 beatus,
892 1093 1046 1156 virtutum
1069 1080 1262 1156 excelientia

214 1201 248 1265 in
270 1201 386 1265 coelum
410 1201 457 1264 sic
480 1199 635 1263 elevatus.
798 1198 840 1260 30
895 1195 1011 1276 dignos
1033 1195 1126 1258 nimis
1150 1195 1339 1277 effecerunt,

896 1317 1018 1362 summa
1039 1296 1135 1362 laude
1159 1301 1388 1381 probaverunt.

893 781 962 845 Vos
985 781 1155 863 virginalis
1179 782 1285 864 gloria

893 885 1110 968 martyrisque
1134 887 1289 967 victoria,

452 1392 602 1472 baptistae.

893 1464 983 1528 Vasa
1005 1483 1065 1528 vos
1089 1447 1273 1546 electionis,

894 1566 1002 1629 sidera
1025 1566 1248 1648 perfectioniS,

894 1670 1012 1733 vestris
1034 1679 1172 1753 purgate
1195 1671 1346 1754 precibus

893 1789 953 1834 nos
978 1791 998 1834 a
1020 1772 1149 1854 peccati
1171 1772 1334 1852 faecibus„

894 1893 987 1938 omne
1010 1878 1128 1940 bonum
1150 1875 1336 1956 impetrate,

216 1965 531 2048 Sanctum'spirltum
554 1966 679 2048 vidisti,
797 1968 839 2030 35
893 1995 953 2043 nos
976 1978 1102 2040 amalo
1126 1977 1273 2041 liberale.

215 2069 390 2134 trinitatem
413 2069 587 2134 credidisti.

216 1551 266 1616 'lu
288 1573 370 1636 puer
392 1553 466 1636 plus
488 1572 582 1635 qnam
605 1553 781 1637 propheta,

214 1654 347 1718 firmans
371 1654 448 1718 fidei
471 1653 618 1736 decreta,

217 1778 335 1839 agnum
359 1758 413 1821 dei
435 1759 639 1842 praevenisti,

216 1880 331 1925 vocem
353 1862 456 1944 patris
475 1864 663 1947 percepisti,

893 2139 1090 2205 Mementote
1113 2143 1302 2206 miserorum

893 2245 927 2308 in
948 2244 1010 2308 hac
1032 2245 1129 2315 valle‘
1141 2254 1366 2329 peccatorum,

893 2368 935 2411 ne
957 2367 1141 2430 mergamur
1163 2349 1195 2410 in
1219 2349 1396 2433 infernum,

894 2449 952 2513 sed
971 2451 1120 2520 ‚vivamus
1139 2441 1181 2512 in·
1198 2458 1353 2514 aeternum

865 2566 867 2571 ’
893 2554 1041 2617 videntes
1065 2553 1158 2617 deum
1183 2554 1315 2632 deorum

892 2658 925 2721 in
948 2658 1069 2722 saecula
1091 2657 1291 2721 saeculorum.

425 2259 630 2339 eaanqeetstoe.

215 2406 339 2502 Aquila
362 2429 394 2484 te
416 2419 586 2504 figuravit,

216 2525 288 2604 quis
311 2534 495 2589 sanctorum
519 2528 566 2591 sic
588 2497 739 2594 volavitl

213 2630 248 2688 te
271 2624 321 2687 sol
344 2645 442 2689 verus
464 2628 552 2692 illust
539 2630 652 2712 travit,

215 2747 258 2810 ex
280 2735 314 2790 te
335 2731 425 2794 rivus
448 2735 611 2799 emanavit
797 2738 838 2799 40

216 2829 355 2896 dulcore
373 2837 556 2920 suavitatis,

215 2953 337 3007 summe
361 2936 475 3002 doctor
498 2941 649 3005 caritatis.

895 2825 1055 2908 [Verbum
1079 2824 1133 2887 dei
1154 2825 1276 2888 referat

936 2921 1104 2995 Jolrannes
1127 2929 1346 3012 evangelista,

894 3054 987 3117 quem
1011 3033 1111 3116 digito
1135 3041 1374 3098 monstraverat

441 3133 611 3199 amborum.
696 3155 699 3159 ·
936 3137 1104 3202 lohannes
1127 3139 1229 3202 almus
1253 3131 1409 3221 baptista
1476 3140 1519 3202 70

216 3287 320 3353 Olivae
342 3310 403 3355 vos
426 3297 595 3379 pretiosae,

218 3411 353 3476 quorum
374 3397 452 3460 vitas
476 3399 645 3484 gloriosae,

217 3499 376 3565 columnae
400 3503 540 3568 coelestis
563 3509 692 3591 templi,

217 3620 341 3682 morum
361 3603 460 3670 flores
483 3615 515 3670 et
539 3611 713 3693 exempli,

893 3300 961 3367 Hos
984 3266 1121 3385 petimus
1142 3302 1310 3383 attentiuS,
1385 3391 1387 3396 f

937 3424 1009 3469 cum
1033 3405 1096 3468 sint
1117 3406 1220 3468 nostri
1236 3405 1391 3492 patroni,
1473 3410 1475 3414 ’

798 3511 840 3572 45
894 3516 928 3571 ut
951 3518 1072 3571 nostrae
1095 3507 1286 3589 generosius

937 3609 1038 3672 assint
1059 3605 1228 3692 petitioni.¹
1261 3603 1381 3685 amen]

304 3813 352 3868 ils.
371 3831 405 3868 au
424 3787 595 3885 Karlsruhe,
615 3833 639 3872 0.
658 3817 709 3872 No.
727 3834 755 3889 v.
774 3821 851 3874 1440.
870 3820 913 3875 Bl.
923 3820 965 3874 68.
1002 3820 1031 3873 ln
1051 3819 1154 3872 diesem
1173 3819 1257 3884 Liede
1277 3821 1338 3873 sind
1357 3819 1400 3872 dio
1419 3820 1520 3874 beiden

216 3901 346 3973 Heiligen
365 3905 654 3974 zusammengestellt,
672 3905 739 3970 weil
758 3907 799 3961 sie
818 3906 949 3978 gleichen
967 3908 1074 3962 Namen
1091 3907 1197 3982 laben,
1226 3905 1385 3978 gewdnlielr
1403 3907 1521 3962 werden

215 3987 327 4059 Heiligo
345 3989 374 4044 in
392 3991 446 4044 den
464 3991 582 4049 liedern
601 3991 776 4063 verbunden,
795 3994 840 4049 die
858 3995 989 4066 gleichen
1002 3995 1120 4064 Festtag
1138 3994 1244 4063 haben,
1272 3994 1326 4047 wie
1344 3994 1445 4048 Petrus
1463 3995 1521 4050 und

216 4073 331 4145 Paulus,
349 4076 447 4133 Sirnon
465 4077 522 4132 und
539 4077 628 4132 Judas
646 4095 673 4132 u.
692 4095 717 4132 a.

226 4243 230 4248 ’
305 4229 339 4280 11
358 4226 407 4280 ille
426 4226 534 4280 seheint
551 4225 604 4280 mir
622 4224 785 4284 fehlcrlraft.
829 4231 864 4283 33
883 4229 1045 4300 praebuisti,
1063 4229 1111 4283 lis.
1157 4219 1194 4282 ‘35
1214 4229 1280 4299 spir.
1299 4229 1379 4282 deum
1397 4227 1452 4282 vid.
1469 4229 1520 4284 lle.

215 4315 251 4369 37
270 4313 406 4384 aquilam,
424 4314 473 4369 Hs
508 4317 554 4368 45
561 4315 679 4386 templu,
704 4317 751 4373 Hs.
786 4319 822 4372 46
846 4318 987 4389 exempla,
1012 4319 1059 4376 lls
1096 4320 1129 4370 51
1149 4323 1220 4387 tam,
1239 4319 1287 4372 Hs.
1323 4319 1357 4372 62
1375 4316 1429 4370 hac
1446 4313 1521 4371 fehlt

215 4401 267 4456 der
285 4401 333 4456 lis.
369 4403 443 4456 67-
451 4405 486 4455 ll
504 4403 629 4501 gehdren
648 4405 725 4460 nicht
742 4423 777 4461 zu
794 4407 898 4462 diesem
921 4407 1025 4476 Liede,
1062 4393 1184 4460 sonderu
1203 4405 1265 4460 sind
1281 4402 1519 4504 wahrschainlich

146 4530 150 4535 ‚
215 4489 407 4545 Brucustueko
425 4505 476 4544 aus
495 4489 583 4545 eiuem
600 4491 714 4546 andern
743 4497 777 4547 72
794 4494 840 4548 hic
858 4509 920 4548 cum
938 4493 1003 4563 sint,
1018 4447 1068 4547 lis

303 4652 335 4707 V.
351 4655 379 4705 5.
407 4653 615 4724 symphonista,
641 4657 712 4709 statt
728 4669 786 4708 vox
804 4655 976 4710 clamantis'
967 4673 996 4712 ru
1014 4655 1135 4709 deserto.
1171 4654 1316 4708 lohannes
1341 4655 1519 4723 apropheta

213 4739 267 4812 (Is.
280 4741 323 4811 to,
337 4743 372 4813 3)
389 4758 446 4798 vox
463 4747 581 4799 vocatus
600 4747 652 4812 est,
670 4743 736 4813 quia
754 4743 870 4798 verbum
889 4742 1016 4814 praeibat.
1043 4743 1151 4812 (ἕτερον.
1165 4743 1200 4797 M.
1219 4742 1291 4796 hom.
1305 4739 1333 4793 in
1348 4755 1389 4794 ev.
1406 4744 1429 4808 1,
1439 4741 1483 4808 20,
1493 4741 1516 4794 3.
