3310 5316
490 754 579 827 812.
620 755 677 826 De
700 765 821 828 saneto
850 751 1019 830 Antonio.

110 959 155 1026 En
177 959 374 1041 gratulemur
396 955 494 1020 hodie

108 1061 233 1126 Christo
255 1062 327 1143 regi
343 1059 528 1144 jocundius,

109 1165 138 1226 in
160 1165 251 1248 cnjus
277 1163 350 1226 aula
374 1163 489 1244 gloriae

106 1268 170 1350 jam
188 1267 308 1351 jubilat
330 1262 501 1329 Antonius.

108 1430 270 1496 francisci
293 1431 395 1514 patris
418 1429 550 1493 aemulus
600 1460 612 1486 a

108 1533 152 1596 sic
173 1533 226 1596 ille
250 1551 287 1596 sa
311 1536 532 1614 contemperat

106 1644 139 1700 ut
159 1637 246 1701 fonte
270 1653 404 1700 manans
426 1634 549 1698 rivulus

106 1760 216 1823 aquam
240 1742 318 1806 vitae
342 1740 556 1805 circumferat.

105 1901 215 1989 Longe
237 1907 370 1988 lateque
394 1906 506 1970 defluit

104 2008 229 2090 suisque
252 2009 374 2075 morbis
398 2009 507 2072 aridos

781 961 884 1023 verbo
908 960 1019 1024 salutis
1043 962 1169 1045 imbuit,

782 1060 863 1124 dans
886 1080 981 1128 sacro
1004 1082 1080 1128 rore
1103 1065 1239 1131 vividos.

780 1225 841 1290 Hic
865 1227 1048 1309 stigmatum
1072 1231 1126 1311 qni
1149 1231 1260 1314 bajulo
1361 1253 1364 1256 ·

779 1329 866 1411 patri
884 1337 977 1395 natus
999 1332 1160 1414 innititur,

708 1431 728 1490 5
781 1432 856 1495 dnm
878 1434 1040 1516 praedicat
1062 1434 1102 1498 de
1126 1437 1231 1518 titulo,
1366 1440 1406 1502 15

781 1535 928 1600 confixus
950 1537 1005 1601 ille
1029 1539 1179 1602 cernitur.

780 1697 850 1761 lloo
872 1699 939 1762 nati
961 1708 1096 1783 praestet
1118 1701 1262 1783 genitor,

779 1801 842 1866 hoo
864 1803 1022 1883 genitoris
1044 1805 1173 1886 genitus

779 1921 818 1968 ac
839 1923 902 1987 par
923 1906 1090 1989 utriusque
1114 1906 1263 1971 conditor

685 2007 724 2070 10
778 2007 954 2086 paraclitus
977 2007 1041 2072 hoc
1063 2008 1203 2090 spiritus.
1362 2012 1405 2076 20

186 2188 233 2241 lls.
253 2203 289 2239 nu
308 2185 336 2240 S
354 2185 426 2240 Paul
443 2185 473 2240 in
491 2187 619 2243 Klimtcn
636 2187 690 2243 No.
709 2187 752 2240 13.
772 2182 791 2238 f.
812 2187 870 2239 110.
890 2186 939 2242 des
960 2189 993 2240 15
1011 2187 1110 2243 lahrh.

187 2309 306 2378 3aulae,
325 2310 373 2365 Hs.
404 2312 637 2380 6000100000οῐ,ι
649 2311 697 2364 ils.
725 2311 826 2379 91010,
845 2311 892 2364 tls.
922 2312 957 2365 10
974 2311 1082 2378 mortis,
1101 2313 1147 2366 lls.
1177 2314 1211 2366 12
1225 2313 1347 2383 invidos,
1356 2312 1404 2368 lls.

106 2395 137 2448 m
150 2400 239 2466 pater,
254 2397 304 2451 lls.
333 2400 367 2449 17
380 2403 476 2467 praest.
492 2396 564 2453 fehlt
577 2398 628 2452 der
641 2397 688 2452 Hs.
724 2399 758 2453 18
777 2397 908 2469 genitori,
926 2399 974 2452 lis.
1012 2399 1046 2453 19
1064 2401 1162 2454 basset
1179 2415 1231 2471 per
1248 2405 1403 2473 utrumque.

101 2483 136 2535 20
147 2483 199 2554 hic,
219 2485 268 2538 lls.

411 2785 499 2861 813.
535 2785 593 2858 De
621 2813 649 2859 s.
673 2783 893 2886 Apollonia,
928 2785 1087 2886 hymnus.

100 3001 171 3073 Ave
193 3008 305 3075 mundi
327 3017 456 3092 stupor,

100 3113 247 3179 trinitatis
273 3115 395 3195 honor,

101 3214 195 3282 decus
222 3220 427 3301 angelorum,

100 3335 230 3384 consors
254 3339 475 3404 supernorum.

100 3481 187 3568 Apta
210 3487 301 3570 regis
324 3495 418 3568 nata,

101 3585 240 3673 hyssopo
270 3589 395 3674 velata,

98 3691 226 3773 spiritus
251 3693 399 3757 doctrind

100 3795 201 3860 tendis
225 3795 269 3861 ad
291 3796 409 3862 divina.

99 3959 204 4028 Fortis
227 3962 358 4028 Christi
373 3964 487 4045 testis,

99 4067 240 4131 solamen
265 4061 324 4130 alas
346 4068 467 4131 moestis

99 4177 191 4252 atque
215 4186 276 4237 nos
301 4171 434 4238 deducis

100 4273 139 4336 ad
160 4293 295 4340 acumen
316 4275 405 4340 lucis.

99 4436 199 4522 Virgo
224 4439 415 4521 singularis,

99 4540 165 4606 dire
188 4544 345 4608 cruciaris

100 4642 241 4710 dentium
263 4645 378 4710 dolore

102 4743 221 4812 Christi
243 4767 304 4831 pro
327 4751 447 4813 amorej

776 3009 872 3074 Fletu
894 3017 1032 3093 poscunt
1054 3009 1161 3074 cuncti

776 3115 916 3180 lavatrix
938 3114 1096 3195 defuncti,

776 3227 811 3282 ut
835 3237 935 3300 prece
958 3217 1103 3300 sponsali

776 3342 893 3386 nexum
916 3321 1026 3385 solvas
1049 3319 1139 3384 lethi.

776 3536 847 3602 Poli
870 3542 903 3601 tu
926 3535 1061 3616 colona,

775 3641 926 3704 virtutum
949 3656 1087 3719 corona,

775 3744 857 3808 affer
875 3741 953 3806 vitssae
971 3745 1070 3824 bona,

774 3847 863 3930 regis
886 3847 990 3911 cincta
1013 3864 1104 3910 zona.

680 4068 720 4131 to
773 4064 840 4127 lter
862 4062 905 4126 ad
927 4061 1054 4143 salutis,

775 4166 915 4230 transfer
938 4165 1036 4227 armis
1059 4164 1151 4245 tutis,

773 4270 887 4352 virgo,
910 4277 944 4332 te
966 4269 1125 4347 colentes,

773 4392 872 4458 prece
895 4380 1132 4457 tepescentes.

681 4588 1199 4705 ffifflmmwm
