3332 5318
169 375 329 458 Ιπε

263 566 357 634 Nunc
379 585 430 630 me
453 565 585 648 sanguis
606 563 703 648 juvet
723 571 848 645 vester,
941 563 1020 628 0ret
1042 581 1232 628 numerosus
1255 571 1373 645 coetus,

263 689 306 733 ne
329 689 349 731 a
371 665 501 731 Christo
525 674 602 730 tunc
624 672 819 748 sequestrer,
940 666 1063 730 inlerar
1084 672 1120 730 ut
1143 666 1226 730 ooelo
1249 667 1359 750 laetnS,

266 779 360 837 orent
382 790 496 836 cruces
520 779 553 834 et
572 788 718 850 coronae,
942 775 1178 833 nec'ocourrat
1199 768 1277 832 mihi
1298 777 1418 853 metus,

266 895 307 939 ne
330 873 535 942 succumbam
557 876 590 938 in
614 892 721 958 agone
941 872 1127 936 interventu
1148 880 1260 937 vestro
1282 873 1402 956 frctuS,

308 977 460 1061 culpante
483 978 688 1043 conscientia.
848 976 889 1038 35
987 981 1110 1040 aeterna
1133 975 1192 1040 sed
1214 976 1335 1041 laetitia.
1527 979 1568 1040 40

349 1179 397 1233 Hs.
418 1196 453 1234 nu
470 1177 568 1247 lllainn,
587 1181 658 1250 Aug.
677 1181 728 1235 No.
748 1181 808 1235 439.
829 1180 873 1234 Bl.
893 1181 951 1236 184.
973 1178 1023 1233 des
1043 1183 1076 1232 15
1094 1180 1193 1235 Jahrh.

350 1303 384 1356 21
404 1305 442 1369 ut,
461 1301 508 1356 Hs.

350 1421 383 1474 V.
398 1423 422 1476 6.
449 1421 479 1475 ln
498 1422 644 1492 suppliciis
663 1426 692 1476 ct
709 1422 847 1477 mortibus
866 1423 1014 1477 beatorum
1031 1427 1200 1494 martyrum,
1226 1423 1273 1494 qui
1291 1424 1464 1494 putabantur
1481 1425 1570 1482 minui

263 1523 394 1576 numero,
426 1509 686 1579 multiplicabantur
711 1510 848 1580 exemplo.
880 1501 958 1564 Leon.
977 1525 1010 1562 m.
1028 1527 1110 1563 serm.
1128 1511 1178 1578 36,
1196 1513 1222 1565 3.
1266 1511 1384 1587 στρατὸς
1402 1513 1430 1568 ἐν
1448 1511 1570 1589 ἀριθμῷ
1649 1503 1650 1510 ¹

263 1595 415 1671 δισμυρίων
432 1596 588 1673 μαρτύρων.
605 1599 702 1654 llorcr.
720 1600 779 1652 229.
816 1599 894 1652 Danu
912 1598 1016 1668 gchdrt
1034 1595 1169 1669 fulgendo
1188 1598 1323 1671 wichtigc
1338 1600 1437 1669 Stelle,
1456 1602 1570 1657 welche
1649 1621 1651 1654 2

263 1682 317 1737 den
340 1684 482 1739 Eindruck
507 1685 556 1739 des
580 1686 813 1756 Martyrerthums
844 1683 897 1739 aui
917 1685 961 1739 die
989 1685 1120 1742 Christen
1144 1687 1233 1740 durch
1257 1687 1339 1742 einen
1362 1689 1571 1760 Zeitgenosscn

262 1771 393 1843 bezeugt.
430 1771 493 1827 τότε
512 1764 581 1842 ἦσαν
600 1776 707 1837 πιστοί,
726 1769 771 1827 ὅτε
788 1770 823 1826 τὰ
840 1770 980 1848 μαρτύρια
999 1771 1030 1845 τῇ
1047 1770 1126 1848 ysaaci
1144 1774 1277 1846 s'qtvovro,
1302 1773 1346 1830 ὅτε
1366 1773 1421 1832 ἀπὸ
1440 1775 1493 1832 coir
1510 1799 1570 1834 κοι-

263 1865 398 1934 μητηρίων
422 1863 637 1935 προπέμψαντες
660 1859 724 1922 τοὺς
748 1859 892 1934 μάρτυρας
912 1857 1063 1934 ἠρχόμεθα
1081 1861 1126 1915 ἐπὶ
1144 1861 1193 1924 τὰς
1212 1863 1388 1936 συναγωγὰς,
1419 1869 1464 1919 καὶ
1484 1863 1570 1938 tim}

179 2023 184 2031 .
263 1947 388 2016 ἐκκλησία
412 1947 449 2017 μὴ
474 1951 633 2018 ἐκτηκομένη
651 1953 824 2022 παρεγίνετο,
851 1951 897 2002 καί
914 1950 941 2002 οἱ
958 1946 1154 2020 κατηχούμενοι
1172 1950 1217 2004 ἐπὶ
1235 1957 1292 2012 τοῖς
1307 1957 1469 2027 μαρτυρίοις
1487 1975 1570 2026 κατη-
1650 1957 1651 2020 l

262 2031 370 2104 χοῦντο.
396 2035 514 2105 Oripenic
532 2034 628 2088 homil.
647 2037 672 2102 d,
691 2038 716 2088 t.
1523 2045 1531 2053 “

351 2123 385 2175 V.
403 2124 446 2177 36.
471 2123 597 2194 Clupsost.
616 2123 679 2176 adv.
698 2123 814 2177 ludaeos
833 2123 858 2190 8,
879 2124 904 2175 6,
940 2119 1005 2177 ὅταν
1032 2123 1092 2196 ἴδῃς
1113 2124 1162 2179 τὸν
1186 2123 1256 2180 θεόν
1280 2145 1311 2181 σε
1334 2123 1498 2191 κολάζοντα,
1531 2129 1571 2201 μὴ

263 2207 335 2284 πρὸς
353 2209 417 2272 τοὺς
435 2208 561 2285 ἐχθροὺς
589 2209 674 2264 αὐτοῦ
695 2205 867 2283 καταφύμῃς,
895 2205 964 2263 ἀλλὰ
988 2208 1059 2286 πρὸς
1081 2209 1145 2272 τοὺς
1169 2213 1266 2280 φίλους
1289 2209 1386 2279 αὐτοῦ,
1413 2213 1478 2278 τοὺς
1496 2215 1570 2293 μάρ-

263 2315 348 2370 τυρας
367 2296 430 2359 τοὺς
449 2296 554 2370 ἁγίους,
573 2301 618 2352 καὶ
640 2295 848 2371 εὐηρεστηκότας
867 2293 942 2369 αὐτῷ
959 2302 1004 2352 καὶ
1022 2297 1124 2369 πολλὴν
1141 2301 1255 2367 ἔχοντας
1273 2303 1433 2374 παρρησίαν.

419 2619 504 2692 738.
528 2619 571 2688 ln
598 2617 654 2688 die
680 2615 801 2690 decem
822 2615 967 2688 millium
989 2627 1190 2717 martyrum.
1215 2620 1407 2716 sequentia.

260 2839 323 2906 llic
345 2847 395 2904 est
418 2839 488 2904 dies
511 2838 726 2905 celebrandus
848 2873 875 2916 ¹.
940 2839 998 2904 Isti
1020 2838 1139 2903 mundo
1161 2838 1330 2922 fortiores,

261 2941 475 3024 laudibusque
499 2940 746 3026 praesentandus
940 2941 1087 3006 hostibus
1109 2943 1370 3026 praestantiores,

305 3046 375 3111 dies
399 3047 513 3111 decem
534 3047 683 3128 millium,
985 3042 1115 3110 Christo
1138 3066 1212 3110 sese
1236 3046 1402 3130 dedicant;

264 3171 351 3236 agon
374 3152 496 3218 Christi
518 3152 741 3233 venerandus,
940 3149 974 3212 hi
997 3150 1107 3214 vicere
1131 3151 1178 3214 sic
1201 3158 1357 3234 tortores,
1650 3211 1651 3221 ,

260 3257 356 3322 favor
379 3257 485 3322 crucis
508 3255 678 3320 imitandus
817 3261 827 3285 ⁰
868 3257 888 3317 5
940 3251 1028 3334 quod
1048 3271 1220 3334 passorum
1243 3252 1306 3318 dici
1328 3253 1426 3318 tiores
1647 3225 1651 3430 ρ

304 3368 440 3426 mortam
467 3361 574 3425 sanxit
597 3367 783 3443 martyrum.
979 3355 1056 3438 jure
1079 3355 1140 3420 sibi
1161 3355 1344 3420 vendicant.

261 3549 403 3626 Quorum
426 3549 525 3614 duces
548 3549 757 3630 Hermolaus,
941 3543 1105 3628 Quotquot
1128 3549 1211 3612 enim
1233 3568 1293 3631 per
1317 3556 1490 3632 tormenta,
1527 3552 1575 3616 25

260 3649 438 3734 AchatiuS,
461 3653 645 3735 Menelaus,
939 3650 1135 3718 manuforti
1158 3651 1266 3735 palmd
1286 3649 1392 3735 tenth,

304 3752 462 3839 Albinus,
485 3755 660 3838 Elyethes,
981 3754 1078 3838 plura
1100 3775 1161 3839 per
1184 3757 1343 3840 supplicia

194 3849 197 3854 “
262 3875 374 3922 omnes
396 3879 478 3941 una,
502 3857 589 3940 quod
611 3860 653 3922 sit
675 3876 778 3922 vanus
848 3858 887 3920 10
940 3858 1017 3922 vitae
1040 3866 1151 3923 tenent
1174 3859 1390 3943 firmamenta,

152 4023 156 4030 .
262 3959 398 4025 mundus
417 3961 480 4042 hic,
504 3959 630 4025 daemon
653 3960 826 4044 profanus,
939 3961 1140 4044 gaudiorum.
1154 3963 1371 4044 incrementa,

305 4065 444 4130 clamant
463 4063 584 4129 Christi
606 4065 731 4131 milites.
984 4065 1044 4129 sed
1066 4084 1131 4130 non
1153 4088 1214 4151 per
1236 4069 1358 4133 similia.
1416 4152 1419 4156 ,
1497 4073 1578 4137 ·3o

261 4252 361 4318 Fides
384 4273 443 4337 spe
467 4257 695 4337 corroborata,
938 4258 1046 4322 Morte
1071 4255 1201 4323 Christo
1225 4259 1454 4342 complantati,

240 4434 241 4437 ¹
262 4359 396 4423 caritate
420 4359 580 4441 radicata,
940 4380 1068 4426 crucem
1091 4360 1197 4425 Jhesu
1218 4362 1343 4425 lucrum
1365 4361 1428 4426 rati

305 4462 409 4545 fulget
430 4463 462 4525 in
485 4465 698 4546 martyribus,
847 4465 886 4526 15
982 4464 1125 4547 psallunt
1148 4463 1210 4528 deo
1233 4464 1367 4545 gratias.

261 4564 363 4632 corda
385 4565 448 4630 deo
470 4574 673 4651 praeparata,
941 4567 992 4632 sol
1014 4574 1047 4631 et
1068 4568 1146 4634 luna
1167 4568 1342 4651 tenebrati,

259 4673 412 4756 passione
434 4673 573 4753 sociata,
941 4679 1030 4734 terra
1051 4677 1161 4752 tnota,
1176 4671 1227 4734 his
1249 4673 1379 4755 probati
1528 4675 1579 4738 35

205 4781 207 4784 ’
278 4775 461 4858 'praestant
483 4777 585 4842 sacris
606 4776 744 4858 legibus.
984 4774 1047 4839 deo
1069 4759 1209 4840 reddunt
1232 4777 1361 4842 animas.
