3308 5310
222 303 264 364 48

222 491 252 551 2.
275 485 317 551 Et
339 486 371 549 in
395 492 427 548 te
451 485 589 548 omnium
827 487 846 547 5
899 487 929 548 6.
952 481 1078 550 Assunt
1101 485 1268 566 convivia,

274 586 430 653 fortitudo
453 587 660 670 sperantium.
952 587 1029 652 teuit
1051 589 1199 652 Herodes
1222 609 1283 652 rex
1484 592 1525 653 40

275 725 335 803 Qui
357 725 495 807 primum
517 722 677 786 hominem
953 709 1077 754 ooenam
1099 691 1199 755 natali
1222 709 1298 772 suo,

277 835 363 892 tuam
387 826 430 895 ad
451 827 624 908 imaginem
834 901 844 916 Ι
950 825 1076 890 Primos
1099 825 1244 891 Galilaeae

953 927 1133 1013 principos,
1157 931 1302 995 tribunos

274 963 454 1044 Formasti,
479 964 509 1026 ei
1007 1032 1013 1045 ,

951 1032 1029 1096 lecit
1051 1034 1163 1097 vocari
1187 1033 1228 1096 ad
1252 1052 1295 1096 so.

276 1067 358 1131 dans
381 1064 491 1130 sedem
514 1065 682 1150 pulchram

274 1172 433 1254 paradisi,
952 1168 1040 1232 lutor
1063 1170 1176 1252 epulas
1482 1171 1524 1232 45

911 1279 915 1288 '
952 1271 1019 1336 filia
1041 1274 1130 1335 venit

953 1376 1054 1458 ipsius
1076 1375 1211 1439 moeobae
1234 1374 1446 1456 Herodiadis,
1543 1361 1549 1374 ⁸

277 1306 378 1384 Quam
396 1328 456 1390 por
476 1307 636 1391 serpentis

276 1413 396 1493 antiqui
420 1409 567 1474 fraudem

276 1513 473 1600 perdiderat.
952 1506 1059 1591 Ooepit
1081 1508 1191 1588 puella

954 1610 1066 1674 ludere
1090 1611 1177 1675 bella

953 1713 1101 1777 saltando
1119 1715 1265 1779 manibus
1281 1724 1314 1778 et
1329 1713 1525 1797 plaudendo.

228 1683 257 1744 3.
281 1679 352 1744 Hau
375 1678 470 1761 oulpa
492 1675 574 1739 Evae
809 1676 847 1736 15

277 1784 425 1866 privatus
449 1779 527 1843 sede

276 1885 427 1948 miseram
450 1883 546 1944 miser
569 1880 658 1942 venit
901 1906 930 1965 7.
955 1899 1092 1966 Saltatio
1115 1903 1187 1968 haeo
1209 1903 1332 1968 Herodi

275 1989 309 2051 i¹¹
331 1987 416 2050 ¹¹³¹¹⁰
435 1994 572 2064 oemm’
953 2007 1074 2088 placuit
1096 2015 1129 2070 et
1151 2007 1352 2071 multitudini.

278 2121 335 2187 Sit
357 2123 501 2206 paradisi
954 2144 1043 2209 'l'uno
1065 2165 1125 2208 rex
1143 2145 1268 2228 juravit
1289 2145 1425 2228 puollae,

278 2226 462 2290 affinitate
953 2248 1106 2331 quidquid
1129 2250 1280 2333 petisset,
1304 2249 1366 2313 sibi
1387 2247 1475 2328 dari;

276 2326 379 2389 hostis
402 2345 474 2389 eum
498 2326 646 2408 antiquus

279 2429 432 2494 destituit,
952 2383 1022 2447 Neo
1044 2401 1151 2464 mora,
1175 2382 1339 2447 admonita
1485 2385 1526 2446 55

951 2473 1056 2550 matre
1079 2485 1275 2567 nequissima

225 2595 255 2656 t.
279 2590 401 2656 Cirouit
422 2590 550 2655 invidus
956 2596 1053 2670 rogat
1074 2589 1250 2672 pretiosum

278 2702 312 2758 ot
334 2694 448 2774 adhuo,
473 2713 568 2776 quem
590 2694 748 2776 devoret,
955 2688 1526 2774 oaputdohannisChristipraeoonis.

278 2817 426 2880 ‘lllffilffl'e
450 2796 590 2860 anhelat·
808 2797 849 2858 ²⁵
954 2826 1026 2890 Rex
1051 2828 1157 2890 statim
1180 2829 1214 2890 in
1237 2846 1371 2892 caruero

278 2934 399 3002 Contra
422 2936 507 3002 huno
531 2935 677 3000 dominus
955 2932 1033 2995 lenit
1056 2932 1215 3015 amputari
1486 2934 1528 2998 60

282 3040 462 3121 agonistam
486 3040 612 3120 statuit,
956 3043 1054 3119 caput
1077 3035 1179 3100 sancti
1202 3034 1264 3099 viri
1376 3074 1384 3084 -

282 3144 336 3224 qui
356 3144 487 3206 resistat
509 3143 556 3223 ei,
957 3146 990 3202 et
1012 3139 1130 3222 puellae
1154 3137 1226 3201 dari
1248 3137 1390 3202 nefaria.

226 3337 256 3398 b.
279 3331 461 3397 lohannem
485 3331 674 3414 baptistam,
905 3331 934 3392 8.
958 3327 1045 3393 Talis
1068 3337 1101 3392 et
1123 3335 1230 3392 tantus

279 3436 372 3519 nujus
395 3434 479 3498 diem
502 3434 600 3498 hodio
810 3436 851 3497 30
957 3439 1087 3497 sanctus
1111 3439 1142 3494 et
1166 3429 1287 3494 Christi
1311 3433 1432 3496 amicus

279 3539 411 3602 colimus
434 3539 615 3620 passionis;
956 3536 1033 3600 abiit
1053 3554 1114 3619 par
1136 3537 1347 3600 meretricem.
1488 3539 1529 3600 65

279 3673 339 3751 Qui
361 3692 473 3754 regem
495 3670 659 3735 Herodem
956 3674 1039 3737 Huio
1062 3673 1126 3735 mel
1148 3673 1240 3737 silvae

280 3777 438 3856 arguebat
459 3779 597 3855 propter
958 3796 1025 3839 ...e
1046 3794 1136 3853 esua,
1164 3783 1260 3858 potus
1283 3781 1404 3839 tantum
1429 3796 1530 3859 aqua,

278 3874 505 3942 Herodiadem.
956 3880 1057 3941 vestis
1081 3886 1153 3942 erat
1174 3879 1340 3942 camelina.

280 4013 349 4079 Sed
368 4015 574 4097 impiissimus
596 4014 773 4097 piissimum
809 4016 850 4077 35
956 4017 1065 4101 Nuuo,
1088 4025 1212 4100 martyr
1234 4017 1454 4100 inviotissimo,

279 4123 477 4186 innaroorari
495 4122 594 4203 jussit
615 4124 786 4205 famulum,
959 4121 1060 4187 amine
1084 4122 1257 4185 salvatoris
1280 4120 1399 4202 muudi,
1488 4121 1531 4185 to

280 4244 375 4306 quom
397 4225 472 4288 totis
495 4226 604 4306 perire
629 4227 750 4294 nisibus
956 4243 1017 4288 nos
1040 4225 1138 4306 preoe
1166 4233 1221 4288 tua
1244 4224 1372 4289 domino

280 4331 451 4396 laborabat
472 4331 641 4396 Herodias.
957 4326 1020 4391 deo
1044 4329 1242 4393 commenda.

314 4514 506 4569 Reicheuauer
525 4515 572 4568 Hs.
601 4515 652 4569 No.
669 4517 727 4598 Ι151.
754 4513 807 4568 auf
828 4516 889 4569 dem
907 4515 1012 4568 letzteu
1032 4515 1122 4581 Blatt,
1155 4530 1208 4568 aus
1226 4513 1288 4568 dom
1308 4516 1341 4568 13
1359 4511 1457 4569 Jahrb.
1481 4515 1531 4570 mit

228 4599 281 4654 den
299 4601 400 4670 Noton,
419 4602 618 4656 durohldchert
636 4601 693 4656 und
707 4601 887 4674 abgariebeu,
907 4601 994 4655 daber
1013 4601 1050 4655 ist
1065 4601 1115 4655 der
1130 4600 1247 4656 Schluss
1262 4600 1340 4656 nicht
1354 4599 1403 4655 mit
1417 4598 1529 4676 Sinhor-

227 4687 286 4743 hoit
304 4689 436 4744 metrisoh
455 4689 641 4744 abzutheileu.
