3310 5316
18 1307 21 1314 ·
114 1362 121 1372 ⁸
154 1287 182 1353 0
206 1267 392 1372 qualis-viri
416 1293 518 1357 saneti
541 1291 739 1371 innocentia,

151 547 257 614 offert
277 564 352 612 nau
375 545 449 614 (lias
467 563 573 610 annua
656 543 660 550 '
711 582 716 596 =
758 545 778 608 s
831 542 919 611 Aetu
940 546 1086 628 sequor
1104 541 1224 617 demini
1238 549 1389 636 vestigia,
1416 551 1455 636 15

151 651 266 716 votiva
287 651 350 733 piis
372 649 493 734 gaudia
651 721 653 726 ,
831 649 984 734 patibulo·
998 649 1080 732 petit
1094 652 1170 736 ‘poli
1192 651 1337 736 fastigia,

150 765 214 842 per
235 753 324 820 beati
346 749 535 818 Golomanni
556 751 734 818 sollemnia.
1211 795 1215 804 -
1307 773 1312 783 ·

142 849 146 856 ·
829 835 901 904 Neo
923 837 1000 901 feeit
1022 838 1170 922 proximo
1193 857 1251 904 suo
1271 841 1456 924 obprobria,

149 916 333 983 Ῑ111111111111111
355 919 447 1002 1111111
469 919 584 983 1111311111
831 957 1008 1024 perpessus
1029 939 1129 1004 murlta
1152 942 1303 1026 supplioii
1324 963 1456 1026 genera.

152 1023 253 1107 aegris
275 1031 433 1106 praestant
454 1021 612 1104 remedia,
1020 1072 1023 1078 -

152 1127 278 1198 (1111111111
295 1127 352 1210 11111
374 1129 559 1210 11111Ἠῦ1111
582 1126 701 1194 11111111·
738 1129 779 1191 1⁰
831 1147 923 1213 Nune
950 1148 1077 1214 uietriei
1108 1151 1140 1214 in
1169 1153 1252 1216 eoelo
1281 1159 1457 1216 coronatur

1205 1255 1334 1336 laurea,
1458 1290 1464 1300 ·

833 1351 889 1424 ut
936 1361 1078 1426 servulis
1152 1360 1238 1426 dona
1310 1362 1456 1428 obtineat

152 1395 210 1475 qui
243 1393 352 1458 mnndi
386 1397 511 1478 spretu't
542 1395 619 1458 laeta
645 1394 699 1457 vel
721 1409 780 1457 no-

1198 1465 1356 1546 aetlrerea,
1415 1465 1458 1528 20

520 1496 640 1561 tentia!

154 1654 244 1720 Mitis
267 1664 300 1720 et
322 1655 450 1720 humilis
472 1653 553 1722 Jesu
576 1656 755 1739 sequipeda
834 1653 965 1721 Summo
988 1657 1060 1740 regi
1083 1655 1195 1720 fundat
1218 1655 1378 1736 oramina,

155 1758 390 1849 olarustlueres
413 1759 450 1824 fit
472 1759 779 1858 dherosolyrnipeta.
834 1759 884 1832 eui
905 1758 976 1823 lans
999 1759 1041 1821 sit
1065 1758 1165 1830 denus
1188 1768 1221 1823 et
1242 1759 1356 1842 gloria.

244 1943 292 1998 lis.
311 1961 346 1998 nu
364 1944 392 1999 S.
410 1947 482 2001 Paul
501 1948 529 2002 in
548 1949 677 2006 Kirnten
695 1949 749 2004 Ne.
763 1949 806 2004 ts.
825 1951 858 2004 15
876 1950 974 2005 Jahrh.
994 1951 1057 2019 (A).
1094 1949 1173 2004 Aueh
1192 1948 1238 2004 bei
1255 1949 1307 2004 Pez
1324 1947 1456 2020 scriptor.

154 2046 211 2086 rer.
231 2031 326 2086 Austr.
346 2036 370 2102 1,
391 2035 444 2088 101
462 2036 527 2106 (Β),
546 2036 603 2093 und
621 2035 724 2096 danaus
744 2037 773 2095 in
791 2036 843 2091 den
861 2038 933 2092 Aeta
952 2037 1004 2092 SS.
1023 2038 1082 2094 Oet
1102 2037 1119 2093 6,
1136 2053 1163 2108 p
1180 2037 1243 2092 353.
1297 2105 1299 2110 Ι
1362 2063 1369 2072 ·

243 2156 425 2228 supplanto
442 2159 472 2214 lt
509 2161 647 2218 stiram
665 2161 698 2219 n,
735 2163 768 2214 15
787 2165 818 2216 at
835 2160 899 2216 dum
917 2157 937 2215 l.
955 2166 1021 2216 aetu
1041 2162 1072 2221 B.
1109 2162 1144 2217 19
1160 2160 1303 2232 potiatur
1321 2159 1351 2216 Β.

244 2275 277 2329 V.
297 2279 350 2332 tt·
364 2279 614 2352 lerosolymipeta
634 2297 698 2336 wer
715 2282 767 2337 das
785 2280 958 2336 himmlisehe
977 2281 1137 2337 Jerusalem
1155 2283 1246 2337 sucht.

584 2620 671 2695 874.
705 2621 762 2692 De
790 2645 816 2690 s.
845 2615 1030 2708 Columba,

157 2863 285 2935 Nostris
308 2867 451 2930 solennis
473 2867 583 2932 saeculi
834 2863 972 2930 Prolem
986 2863 1137 2948 eoneapit
1156 2865 1296 2950 sterilis,

157 2970 299 3052 refulget
321 2970 391 3034 dies
413 2971 552 3056 inelyta,
836 2969 904 3032 ales
927 2969 1072 3054 rapinam
1095 2967 1252 3052 reddidit,
1345 3013 1348 3020 ·

158 3091 224 3156 quo
245 3091 343 3140 saner
365 3077 466 3140 ooelos
489 3074 646 3142 Columba
834 3072 931 3137 larris
951 3073 1104 3138 horreum
1126 3081 1280 3157 augetur,

160 3179 306 3246 aseendit
329 3180 437 3244 ferens
460 3183 617 3266 trophaea.
679 3263 681 3266 Ι
722 3178 729 3189 ’
807 3177 981 3244 'abscissa
1002 3193 1081 3242 earo
1104 3171 1219 3260 sospes
1242 3185 1300 3242 est
1376 3178 1461 3246 .2⁰

158 3395 228 3465 Sed
250 3397 339 3480 prins
361 3417 458 3480 quam
482 3418 554 3465 eum
575 3403 678 3464 mater
763 3401 782 3461 5
836 3393 954 3459 Tactus
978 3393 1072 3476 vidit,
1096 3412 1159 3460 neo
1179 3393 1349 3474 tenuitur,¹

157 3501 191 3566 in
214 3519 309 3566 auras
331 3501 413 3566 lueis
435 3501 588 3568 ederet..
835 3498 932 3562 sentit
955 3497 1088 3580 damna,
1110 3486 1326 3580 ergastulum,
1377 3572 1380 3580 Ι

158 3621 177 3666 e
200 3601 270 3667 sinu
293 3603 393 3667 solem
415 3603 576 3687 prospieit
834 3601 918 3684 fugit
938 3601 1041 3684 pestis
1065 3602 1106 3665 ab
1128 3599 1328 3682 horninibus,

158 3704 255 3769 terris
277 3704 383 3768 lumen
404 3703 592 3770 diffundere.
835 3724 931 3787 quam
950 3704 1076 3770 danen
1100 3721 1209 3774 savus
1230 3703 1372 3769 misemt
1440 3739 1442 3746 ,

159 3913 220 3994 oni
241 3924 319 4000 post
340 3918 434 3986 alitus
457 3917 626 4002 Hibernia,
683 3917 707 3944 ²
834 3916 963 4002 Ligeris
985 3919 1141 4002 seapham
1163 3920 1292 3999 retinet,
1417 3919 1459 3981 25
1515 3921 1516 3924 ’

158 4038 254 4084 saero
277 4019 412 4084 ednotus
435 4020 603 4104 dogmate,
699 4085 705 4093 ,
743 4025 782 4088 10
834 4024 944 4089 ablata
964 4023 1051 4090 furto
1074 4021 1235 4108 prodeunt

157 4110 284 4188 Gallina
307 4142 388 4208 arua
410 4125 524 4207 adiens
584 4111 588 4118 ⁵
835 4145 1006 4208 eassusque
1027 4127 1135 4190 lumen
1157 4125 1285 4213 recipit,

157 4225 246 4309 plebi
266 4225 402 4328 salutern
424 4226 543 4292 tribuit.
833 4228 1013 4314 praebendo
1036 4231 1128 4296 cibus
1151 4236 1296 4312 angetur.

156 4437 265 4522 Aegri
287 4435 441 4510 sanantur
464 4445 567 4526 osius,
823 4445 871 4510 ¹lu
895 4461 992 4510 estas
1013 4444 1082 4510 ales
1100 4443 1247 4524 veniunt,

157 4543 261 4610 eautis
282 4548 433 4628 producit
456 4547 599 4632 lapides,
833 4550 915 4616 ferae
932 4547 1034 4634 jussis
1058 4548 1227 4632 obediunt,
1416 4546 1458 4609 30

155 4645 266 4732 pisees
287 4647 321 4710 in
342 4667 433 4713 nsum
449 4652 650 4735 praebentur,
741 4653 781 4716 15
835 4639 919 4717 fides
939 4653 1063 4736 patrari
1086 4653 1217 4718 eonseia

157 4747 246 4816 aedit
266 4749 369 4816 imber
392 4771 412 4818 a
434 4760 556 4836 segete.
834 4739 940 4840 novit,
964 4776 1037 4839 quse
1058 4758 1181 4842 possit,
1204 4756 1318 4820 onnia.
