3326 5322
394 573 512 622 dimit&

145 695 297 763 Caelestis
319 694 444 780 praemii
467 713 526 778 spe
549 691 713 779 gaudens,

144 803 179 866 in
202 801 408 867 tribulatione
431 799 569 882 patiens.
728 797 770 862 io

369 959 550 1042 antiphona.

23 1160 27 1168 .
145 1101 239 1167 Dicta
262 1105 335 1164 sunt
357 1099 503 1181 gloriosa

148 1205 190 1270 de
213 1215 261 1288 te,
284 1204 379 1285 virgo
402 1203 568 1285 speciosa,

148 1309 193 1374 sis
214 1326 339 1374 memor
360 1307 436 1371 hinc
458 1308 579 1390 nostri,
672 1322 676 1330 ·

150 1412 288 1477 devotos
312 1401 393 1506 quos
417 1417 452 1473 tn
473 1409 567 1474 nosti.

298 1655 303 1662 ἢ
337 1577 582 1656 responsoriam.

148 1709 229 1776 Post
252 1711 394 1777 carceris
413 1692 604 1793 'squalorem
733 1711 774 1772 75

151 1813 321 1896 carnisque
344 1813 598 1877 macerationem

152 1915 272 1980 Christi
294 1915 414 1981 dilecta
436 1916 619 1980 tenebrosis

152 2018 258 2082 denuo
281 2017 458 2083 recluditur
481 1995 515 2080 in
534 2017 632 2098 locis,

404 2199 521 2246 vertiti.

151 2317 277 2382 Nomen
301 2315 421 2380 domini
443 2315 579 2380 laudare

89 2505 93 2514 Ι
152 2436 218 2484 non
241 2418 393 2484 desinens
416 2426 449 2482 et
472 2419 668 2502 glorificare.
734 2419 777 2482 80

342 2585 586 2664 responsoriam

155 2719 279 2788 Sancta
300 2731 445 2807 martyre

156 2828 344 2910 precatibus
366 2829 506 2892 instante

84 3001 89 3011 ,
153 2927 259 2992 draco
281 2929 397 2994 foetora
420 2931 535 3013 plenus
556 2929 723 3013 apparuit,

159 3032 215 3114 qui
225 3032 308 3098 banc
317 3032 475 3097 invadens
492 3040 592 3097 totam
604 3033 781 3112 absorbuit,

409 3213 526 3261 versus.

161 3332 263 3410 Quem
294 3353 354 3418 per
385 3333 524 3398 medium
554 3335 647 3417 signo
671 3335 783 3400 crucis

1380 359 1448 430 ill!

1073 553 1211 620 laedes:

822 689 952 776 Martyr
975 681 1111 773 insignis
1133 690 1326 774 Margareta
1406 687 1449 754 95

818 797 916 881 juxta
937 794 1087 880 praefecti
1108 795 1244 860 decreta

823 898 914 964 ocius
937 897 1063 963 carceri
1085 895 1286 962 subtrahitur
1389 949 1392 958 ,
1439 931 1442 942 =

824 1001 960 1086 ejusque
984 1001 1214 1085 conspectibus
1235 997 1369 1064 wsistitur.

1015 1238 1018 1245 .
1045 1187 1225 1271 antiplona.

786 1375 789 1380 .
827 1324 973 1408 Cumque
996 1324 1091 1388 nullis
1114 1322 1279 1390 blanditiis

826 1421 1454 1511 adcons'ensummollireturjudicis‚100
1572 1469 1574 1474 -

736 1550 741 1559 '
826 1534 939 1598 furore
961 1531 1063 1627 nimio
1077 1530 1291 1596 inflammatus

827 1633 985 1720 praecepit
998 1653 1070 1698 eam
1089 1631 1224 1699 accendi
1239 1629 1453 1716 lampadibus.

1047 1823 1228 1906 antiphona.

829 1961 978 2028 Minister
1001 1959 1109 2044 statim
1130 1955 1270 2022 tenellae'

830 2081 949 2147 corpus
972 2063 1182 2127 comburebat
1203 2061 1341 2144 puellas,
1387 2139 1390 2143 Ι

704 2223 708 2230 ,
829 2165 890 2230 sed
912 2165 984 2230 haec
1006 2165 1153 2230 oratione
1171 2164 1323 2246 facta·¹
1433 2165 1455 2228 ⁵

830 2271 907 2354 igne
929 2270 1107 2353 permansit
1127 2269 1256 2333 intacta.

1052 2432 1234 2516 antiphona.

830 2569 900 2636 Vas
922 2568 1110 2632 immensum
1163 2585 1165 2590 ·

833 2692 919 2754 aqna
940 2672 1070 2756 plenum

742 2781 769 2854 J
832 2793 958 2860 praeses
980 2773 1152 2858 imperavit
1175 2771 1286 2836 afferri
1413 2764 1416 2771 '

834 2886 868 2944 et
894 2879 928 2942 in
956 2877 1036 2942 illud
1058 2877 1219 2960 virginem
1240 2876 1374 2957 ligatam
1395 2873 1456 2940 de-

1202 2979 1315 3081 mergi.
1418 2979 1460 3044 10

1051 3158 1234 3242 antiplona.

835 3297 1023 3363 Laudabilis
1047 3276 1194 3361 dominns

525 3437 654 3502 discidit
741 3439 805 3501 85Ὶ
835 3405 869 3467 in'
891 3405 957 3467 suis
981 3403 1153 3493 virtutibus

159 3548 195 3606 et
218 3539 259 3605 de
282 3548 376 3605 utero
400 3539 472 3624 ejus
494 3541 610 3608 inlaesa
632 3541 741 3606 exivit.
836 3507 966 3584 vi¹¹⁰¹¹l³
987 3526 1136 3570 manuum
1158 3505 1321 3569 felffiVil
1361 3541 1363 3544 ·

838 3630 991 3694 suamque
1014 3611 1166 3674 famulam
1189 3610 1231 3674 de
1253 3616 1357 3674 morte
1378 3608 1464 3675 libe·

348 3708 591 3786 respcasorium.
1197 3713 1297 3778 ravit.

161 3843 272 3910 Fortis
300 3844 451 3927 agonista
536 3898 548 3905 .

164 3967 274 4012 secum
296 3947 469 4012 meditatur
492 3956 527 4014 ut
550 3943 631 4031 ista,

167 4049 284 4129 astitit,
308 4058 439 4130 exorat,
840 4033 1000 4100 Videntes
1022 4031 1095 4096 baec
1117 4031 1278 4096 mirabilia

149 4149 293 4214 daemon
316 4171 374 4216 sua
399 4152 531 4218 crimina
553 4152 688 4237 prodat,
738 4152 789 4218 ,90
816 4135 999 4220 «ὓδΡίῑΖθῑῑ
1022 4141 1095 4198 ὃΰῃῑ
1118 4135 1258 4216 qfllfflllffl
1280 4133 1396 4215 ffllffiflr

167 4253 295 4333 cogitur
318 4253 474 4337 afflictus,
844 4257 925 4322 quos
948 4239 1055 4320 capite
1078 4238 1178 4319 plecti

168 4356 306 4422 discedit
329 4359 467 4440 denique
490 4362 603 4424 victus.
844 4343 969 4408 ⁰0¹¹Sllll
990 4343 1040 4404 isa
1061 4341 1229 4423 Psaes⁰⁰ilr
1302 4354 1304 4360 ’

577 4465 582 4472 ·
846 4445 961 4527 quibus
983 4448 1033 4506 est
1056 4442 1187 4505 addicta

847 4548 969 4616 Christi
991 4546 1082 4610 testis
1105 4545 1241 4626 invicta,

847 4652 1042 4719 benedicens
1066 4650 1161 4713 deum
1182 4649 1316 4712 deorum

846 4755 881 4819 in
903 4753 1025 4824 saecula
1047 4752 1249 4816 saeculorum.

1060 3879 1241 3976 antiplona.

1424 4031 1466 4094 15
1496 4039 1500 4045 “

1426 4543 1472 4608 20

401 4537 405 4545 ¹
422 4541 539 4598 vorsus.

170 4651 321 4716 Fratrem
341 4661 521 4718 truncatum

169 4751 260 4818 dolet
283 4775 322 4822 ac
344 4775 418 4820 sese
443 4762 645 4840 superatum
