3332 5318
391 729 476 804 726.
512 729 677 828 Hymnus
705 727 749 802 de
771 755 798 802 s.
824 729 951 804 Marco
977 729 1202 831 evangeliste

297 935 405 1004 Mater
426 935 483 1000 illa
504 935 598 1019 prole
622 935 783 1017 quondam
806 934 886 1000 foeta
903 934 983 1000 felix
1004 935 1141 1020 Suevia,

299 1060 363 1123 qua
384 1037 548 1110 Ratoltum
571 1038 758 1122 procreavit
778 1038 813 1102 in
835 1038 971 1102 salntem
996 1041 1128 1123 civium,

299 1161 363 1228 quc
385 1163 446 1227 per
470 1162 575 1207 aevum
597 1141 764 1207 effloreret
783 1142 856 1226 ipso
879 1150 974 1226 patre
996 1143 1122 1227 patriae.

299 1329 425 1395 Praesul
447 1285 517 1413 ipse
541 1328 619 1430 dum·
637 1328 779 1394 Veronae
804 1329 927 1394 civitati
948 1329 1096 1412 praeluit,
1118 1327 1121 1332 ’

297 1435 345 1499 sic
366 1433 512 1515 gerendo
536 1433 699 1498 serviebat
722 1433 872 1498 saeculari
895 1432 1020 1514 debito,

297 1539 505 1622 nt'supernis
526 1539 701 1603 interesset
721 1544 829 1602 mente
852 1555 982 1622 semper
1004 1535 1139 1618 gaudiis.

297 1728 381 1812 Ipse,
396 1727 524 1792 flamma
546 1726 690 1793 caritatis
711 1726 794 1791 fovit
815 1743 926 1791 omues
948 1727 1136 1811 proximos,

255 1893 257 1898 .
297 1833 371 1916 plus
393 1831 453 1895 sed
475 1831 530 1894 uni
553 1830 652 1919 corde
675 1827 742 1893 fido
765 1830 867 1914 stirpe
890 1830 959 1922 civi,
978 1829 1110 1895 Veneto

237 1977 241 1998 .
298 1933 453 2016 singulari
477 1933 569 2017 pacis
591 1933 685 1997 haesit
707 1933 893 1996 irremissus
915 1933 1056 1999 vinculo.

297 2124 435 2206 Jamque
458 2140 566 2186 secum
591 2120 796 2185 conferentes
818 2123 922 2186 verba
942 2105 1052 2185 mutua

299 2229 525 2312 provocabant
547 2225 751 2306 alterutrum,
774 2241 857 2288 voce
879 2231 964 2288 teste
988 2223 1147 2308 prodere,

298 2335 394 2419 quale
418 2353 572 2397 summum
594 2351 707 2397 munus
731 2332 813 2396 alter
832 2331 1054 2397 commodaret
1076 2333 1179 2398 alteri.

297 2523 378 2590 Haec
399 2522 535 2609 receptd
555 2523 744 2608 postulandi
766 2480 897 2606 optione
919 2523 1067 2605 pontifex

300 2621 526 2711 comprecatus
549 2635 600 2692 est
622 2645 789 2691 sacrorum
811 2631 906 2708 grata
930 2624 1016 2689 dona
1037 2625 1227 2709 pignerum,

298 2731 460 2796 aestimata
482 2731 690 2814 congruentis
714 2729 891 2812 quantitate
914 2728 1020 2819 pretii,

298 2920 478 3005 Adquievit
500 2918 583 2983 fidus
606 2919 660 2983 ille
682 2909 827 3004 pactioni
849 2920 974 3002 socius,

299 3032 415 3091 cuncta
437 3022 602 3108 spondens
625 3041 661 3086 se
684 3029 817 3106 patrare
840 3031 918 3107 apta
940 3024 1027 3088 votis
1048 3024 1133 3089 illins

297 3129 331 3194 in
353 3131 488 3193 recursu
509 3127 656 3192 annualis
678 3126 832 3191 denotato
855 3130 1019 3212 temporis.

299 3317 357 3384 Sic
379 3326 516 3401 uterque
538 3319 614 3384 hinc
636 3324 779 3385 remotus
802 3336 838 3381 se
860 3319 988 3401 recepit
1008 3319 1042 3381 in
1065 3315 1124 3382 sua

297 3441 490 3512 praeparans
514 3441 550 3486 se
574 3420 614 3485 ad
638 3422 750 3485 statuti
771 3421 969 3484 sanctionem
991 3423 1145 3504 muneris,

298 3548 340 3591 ne
363 3527 441 3610 qnid
463 3528 526 3592 illis
549 3527 582 3590 in
604 3526 765 3610 promisso
787 3525 982 3590 redderetur
1004 3526 1139 3590 irritum.

298 3715 386 3784 Ecce
409 3717 539 3782 tandem
563 3725 651 3782 astra
673 3719 808 3782 vincens
830 3717 887 3780 lux
900 3733 1025 3778 serena
1047 3715 1226 3798 splenduit,

225 3906 235 3921 ι
300 3839 372 3886 cum
393 3820 501 3885 fidelis
523 3839 662 3905 sponsor
684 3822 740 3885 ille
763 3821 857 3885 dulce
879 3839 994 3884 munus
1018 3820 1137 3900 attulit,
1285 3821 1287 3826 ’

298 3926 403 4010 majus
424 3926 500 4008 illo,
524 3925 612 4007 quod
632 3945 693 4010 per
715 3927 824 4008 ignem
842 3926 957 3990 transit
980 3943 1068 3989 auro
1083 3926 1214 4008 optimo.

301 4113 474 4198 „Corpus,
497 4115 614 4197 inquit,
637 4133 715 4179 ecce
739 4115 844 4180 Marci
865 4115 929 4179 hoc
950 4134 1031 4178 vere
1056 4113 1217 4196 theologi,

299 4226 369 4282 arte
393 4217 493 4282 multd
516 4225 549 4282 et
570 4218 684 4283 labore
707 4225 927 4301 comparatum
951 4218 1081 4300 accipe,

299 4324 359 4389 sed
381 4322 536 4407 represso
558 4323 689 4389 notione
711 4331 777 4388 tam
799 4320 936 4386 verendi
958 4315 1129 4385 nominis.“

298 4516 505 4601 Suspicatus,
529 4524 599 4581 arte
622 4536 664 4580 ne
687 4535 751 4598 qua
773 4513 954 4595 luderetur,
978 4510 1127 4596 pontifex

298 4643 364 4690 non
386 4623 512 4707 recepit
533 4622 626 4704 illud,
649 4629 724 4685 aute
748 4639 844 4702 quam
866 4614 1006 4701 probatd
1027 4636 1065 4679 re
1086 4614 1169 4679 fides

299 4730 425 4796 visione
448 4735 532 4794 teste
554 4745 650 4793 curas
672 4725 787 4793 mentis
811 4740 922 4788 omnes
945 4725 1099 4802 tergeret.
