3326 5322
237 727 348 804 1012.
382 727 440 801 De
468 753 497 798 s.
520 724 717 801 Rallrerina
747 725 908 800 Senensi.
948 726 1098 827 hymnus
1124 727 1170 800 ad
1196 713 1371 827 vesperas

152 932 235 1001 Haeo
252 941 317 998 tuae
331 934 427 1015 virgo
442 941 648 997 monumenta
664 933 779 1016 landis,
831 939 1035 1016 temperans,
1074 933 1167 997 fortis
1197 952 1326 1016 quoque
1348 934 1458 1018 justa,

154 1055 228 1120 quae
251 1036 314 1100 tuis
336 1035 413 1118 laeti,
436 1033 624 1110 Katherina,
649 1035 751 1100 sacris
1204 1039 1348 1122 prudens
1418 1041 1457 1100 15

152 1139 218 1218 boo
262 1137 389 1221 quidem
435 1147 533 1223 paolo
580 1139 780 1204 modulemur
876 1139 1001 1204 aethera
1023 1139 1161 1228 scandis.
1237 1221 1240 1228 ,

176 1345 310 1432 prose„
332 1345 474 1428 olympo·
521 1259 648 1382 omlffis’
833 1328 934 1406 Quem
986 1328 1080 1397 latet,
1115 1329 1218 1394 virtus
1268 1329 1460 1412 facinusque

837 1501 839 1505 ,
1197 1434 1336 1514 clarum,

155 1532 194 1598 Si
216 1535 294 1598 satis
312 1534 411 1616 digne
427 1541 594 1616 nequeant
609 1522 736 1614 referri,
760 1536 779 1595 5
833 1554 898 1618 quo
921 1535 1032 1616 nequit
1055 1534 1118 1598 diei
1136 1536 1232 1599 latius
1255 1555 1317 1618 per
1335 1538 1460 1616 orbem,

155 1657 277 1702 annuas
301 1639 394 1702 nobis
418 1637 548 1701 veniam
571 1657 752 1721 precamur,
833 1639 1001 1704 vulnerum
1021 1637 1156 1702 formam
1171 1640 1324 1704 miserata
1339 1638 1459 1703 Christi

157 1761 222 1806 non
242 1761 348 1811 sumus
365 1742 454 1824 tanti,
478 1743 618 1824 ingenue
634 1741 780 1824 latemur,
877 1741 1029 1823 exprimis
1053 1741 1133 1824 ipsa.
1421 1743 1463 1804 20

201 1846 320 1928 optima
341 1847 447 1929 virgo.

833 1928 1162 2008 lambrevismoestae
1172 1931 1458 2012 miseraequevitae,

158 2033 235 2112 Quis
245 2034 304 2099 luit
316 2035 431 2117 dignus
440 2036 623 2100 modulatus
632 2054 782 2117 umquam
834 2040 869 2096 ut
883 2033 976 2095 malis
992 2034 1114 2098 eunetis
1131 2035 1259 2115 penitus
1276 2034 1418 2116 refertae,

157 2137 318 2218 virginum
351 2136 484 2220 laudes,
522 2140 593 2220 quis
631 2138 663 2201 in
702 2141 781 2202 orbe
835 2135 962 2200 fortiter
981 2157 1139 2220 spernens
1155 2139 1306 2222 preciosa
1321 2157 1458 2220 quaeque

521 2246 590 2303 toto
742 2241 781 2301 10
879 2238 989 2302 sidera
1011 2238 1114 2303 adisti.

156 2340 284 2404 feminae
307 2341 436 2405 inviotae
460 2343 605 2424 peritura
620 2361 782 2423 nunquam

200 2444 343 2508 carmina
365 2444 515 2527 pandet?
835 2427 1459 2505 Gratiassummasbabeamusomnes25

390 2615 393 2620 Ι
762 2603 764 2607 y
835 2529 902 2593 filio
919 2531 1199 2611 magnigenitoris
1216 2533 1310 2613 almo,

158 2630 291 2696 Credita
301 2631 665 2716 exemplisllatherina,
675 2635 781 2715 clario,
833 2633 980 2715 'spiritum
997 2641 1141 2697 sanetum
1158 2653 1350 2700 veneremur
1365 2643 1398 2699 et
1411 2637 1452 2700 sit

157 2735 299 2798 moribus
308 2741 480 2818 praestans,
498 2737 629 2819 sapiens
643 2737 780 2818 abunde,
878 2737 950 2800 laus
973 2721 1080 2800 tamen
1102 2758 1175 2802 una.

245 2920 292 2975 Hs.
311 2935 368 2974 von
386 2919 415 2976 S.
435 2921 520 2974 Peter
539 2920 591 2975 No.
610 2921 643 2972 63
663 2937 698 2972 nu
716 2918 886 2987 Karlsruhe,
901 2923 934 2973 15
952 2920 1052 2974 Jahrb.

165 3103 168 3109 ¹
243 3039 387 3112 5referro,
406 3043 453 3096 Hs.
489 3043 524 3094 23
539 3057 657 3110 quoque,
676 3041 724 3096 Hs.
761 3044 796 3094 27
817 3041 932 3110 spiritus
948 3047 1060 3096 sanetus
1079 3045 1236 3096 veneretur.

246 3161 311 3216 Dies
329 3164 385 3218 und
404 3164 454 3218 das
468 3161 602 3233 fulgenda
617 3161 684 3216 Lied
699 3162 762 3216 sind
775 3157 856 3217 unter
871 3164 932 3217 dem
946 3160 1066 3217 Einlluss
1081 3163 1131 3217 der
1145 3163 1321 3218 klassisehen
1335 3165 1461 3234 Spraebe

158 3247 400 3391 xllfgffltkum
418 3253 548 3322 gemacht
566 3250 623 3304 und
640 3250 732 3304 baben
751 3250 812 3304 siob
830 3250 954 3344 ladurnb
968 3266 1025 3304 von
1039 3251 1101 3304 dem
1115 3250 1290 3305 kirohlioben
1303 3251 1462 3307 Charaliter

277 3620 385 3694 1013.
425 3621 483 3691 De
510 3645 536 3692 s.
564 3619 762 3691 liutharius
786 3618 946 3692 Senensi.
977 3619 1126 3718 hymnus
1150 3617 1196 3700 ad
1219 3616 1350 3692 laudes.

160 3837 235 3902 Jam
258 3819 353 3924 ferox
375 3835 467 3900 miles
490 3836 548 3903 tibi
574 3855 664 3922 saepe
688 3837 787 3908 oessit
841 3835 961 3900 Niteris
983 3834 1093 3898 verbis
1116 3853 1274 3900 revocare
1297 3835 1418 3916 lapsos,

161 3947 194 4002 et
217 3938 316 4003 duces
339 3939 405 4002 iras
427 3954 568 4020 posuere
590 3957 707 4020 saevas,
841 3939 952 4002 niteris
966 3947 1090 4002 reatum
1109 3937 1247 4004 suadere
1263 3937 1397 4018 annotiS,
1423 3929 1463 3998 10

162 4037 196 4102 hi
218 4058 331 4105 nauem
355 4040 458 4108 diram
480 4042 604 4124 populo
627 4041 737 4104 minati
843 4043 891 4106 sio
913 4042 979 4106 ais:
1003 4049 1125 4104 tantum
1148 4041 1295 4124 probitas
1319 4043 1434 4104 beatos

207 4156 298 4223 saepe
321 4138 468 4207 Senensi.
729 4174 732 4183 ⁴
887 4145 988 4210 effioit
1009 4163 1129 4208 omnes.

168 4300 252 4379 Quid
282 4303 368 4386 quod
394 4311 428 4366 et
455 4297 698 4370 saeris'studiis
721 4305 787 4370 fre-
842 4303 923 4376 ¹,lura
947 4315 982 4373 tu
1001 4327 1100 4372 saevae
1118 4305 1332 4372 tremebunda
1354 4307 1467 4370 mortis

531 4416 667 4488 quenter
768 4411 787 4472 5
842 4413 970 4477 fortiter
1001 4403 1163 4493 temnens,
1198 4409 1277 4474 nihil
1314 4411 1467 4474 extimes-

164 4509 288 4573 viribus
313 4510 442 4572 summis
466 4530 599 4595 operam
623 4509 767 4576 dedisti?
1207 4532 1298 4595 oeus,

165 4613 284 4682 litterae
308 4612 414 4680 dootae
432 4614 616 4708 lepidaeque
640 4615 735 4680 olaris
843 4619 1009 4704 praemium
1024 4611 1145 4683 nostrae
1160 4618 1306 4683 vocitare
1324 4615 1401 4680 vitae
1426 4614 1466 4677 15

209 4720 341 4786 urbibus
364 4725 484 4784 extant.
888 4743 978 4808 saepe
1000 4724 1139 4790 solebas
