3294 5322
186 504 301 568 iterum
322 507 407 572 inter
428 511 511 576 ictus

1292 409 1297 418 ,
1362 341 1436 409 409,

863 517 1027 602 Promptae
1049 521 1107 586 tihi
1128 523 1289 591 chantelae
1337 583 1342 591 .

186 608 316 674 fustium
339 614 443 680 amisit
467 619 622 701 spiritum.
703 621 745 684 40
864 623 1006 688 clemens
1029 628 1255 714 reminiscere,

117 772 149 834 8.
183 771 303 838 Christi
324 777 415 842 miles
437 780 626 868 fortissime,

165 878 325 959 palmam
347 891 481 964 gestans
504 886 638 971 gloriae,

797 785 828 847 9.
861 783 990 868 Martyr
1012 786 1101 851 clare
1124 787 1326 856 Sebastiane.
1377 793 1420 855 45

205 1070 253 1124 ils.
273 1087 330 1126 von
346 1073 375 1129 S.
391 1073 477 1128 Peter
494 1092 529 1129 nn
548 1075 691 1147 Salzbnrg
712 1075 756 1145 lX,
778 1080 818 1131 11.
838 1079 887 1134 des
908 1083 941 1134 12
959 1078 1059 1136 Jahrh.

207 1212 241 1262 17
259 1199 288 1265 et
305 1211 341 1265 id.
361 1215 445 1268 wilre·
458 1211 507 1268 fiir
521 1212 570 1268 (las
584 1214 734 1270 Versmass
747 1217 854 1272 hesser.
889 1221 925 1273 20
941 1220 970 1273 in
989 1235 1067 1292 quas,
1085 1223 1134 1277 Hs.
1168 1186 1204 1277 2f
1222 1221 1354 1292 athletas,
1367 1219 1421 1278 Hs.

16 1361 21 1370 ²
113 1296 151 1350 28
170 1313 251 1366 quam
269 1297 307 1369 pl.
326 1300 374 1353 Hs.
407 1302 439 1354 31
459 1301 647 1372 imperatoris,
666 1301 715 1356 Hs.
751 1305 783 1358 41
805 1305 925 1375 Christe,
945 1306 992 1361 Hs.

454 1699 457 1706 ·
493 1656 601 1731 1151.
638 1659 808 1759 Hymnus.
828 1687 855 1732 s.
880 1659 1030 1742 Servuli.

113 1894 221 1959 Primo
244 1896 539 1981 hammensium,
659 1969 661 1973 .

112 2015 178 2079 quc
201 2015 315 2064 servus
339 2000 458 2066 Christi
480 2003 606 2085 floruit,

111 2101 251 2165 servivit
272 2101 325 2166 hic
347 2111 381 2166 et
401 2104 540 2187 profuit,

110 2211 165 2268 est
186 2195 250 2270 hcc
272 2203 335 2268 dec
358 2207 582 2290 gratissimum.
655 2214 660 2222 '

107 2394 253 2460 Pulcher
272 2413 342 2478 prae
365 2395 488 2459 cunctis
512 2387 688 2476 Scrvnlns,
715 2395 734 2454 5

104 2505 218 2562 mente
241 2499 313 2581 plna
336 2500 471 2582 placens
495 2497 640 2578 dominc,

104 2602 243 2666 sortitur
265 2611 391 2685 partem
414 2605 566 2687 optimam

105 2708 196 2770 inter
212 2713 374 2790 ¹patronos
396 2709 561 2790 maximos

102 2895 255 2969 Vocatus
278 2895 332 2959 hic
352 2913 373 2957 a
395 2893 525 2958 domino

104 2998 295 3083 respondit:
321 2997 453 3083 „adsum
476 2990 667 3078 Servnlus“,
692 2998 731 3059 10

102 3103 327 3184 adparentes
349 3102 523 3171 revertitur
583 3137 586 3142 -

106 3205 183 3270 sclc
201 3206 297 3287 jussu
320 3203 487 3267 dominico.

103 3399 225 3466 Annos
248 3396 373 3460 habens
396 3373 592 3458 duodecim

104 3503 217 3567 divina
240 3517 322 3564 voce
344 3498 480 3580 petitur,

105 3607 223 3671 almam
246 3603 377 3667 sortitur
400 3603 537 3682 gratiam
575 3637 580 3645 ·
690 3601 729 3662 15

105 3715 220 3772 sancto
244 3707 411 3770 calescens
434 3702 571 3768 flamine.

105 3897 205 3963 Anno
228 3915 291 3962 unc
315 3905 348 3960 et
370 3896 533 3962 mensibus

106 4017 225 4062 novem
246 4000 445 4066 orationibus
549 4007 553 4015 '

105 4101 244 4168 intendit
267 4102 341 4163 totis
364 4103 485 4164 viribus

100 4205 185 4270 nihil
207 4202 307 4267 edens
329 4204 362 4265 in
385 4205 518 4286 spelaec.
683 4203 727 4266 20

101 4391 232 4460 Clamat
254 4393 296 4457 de
319 4392 402 4458 coelc
425 4389 586 4462 dominus:

49 4491 52 4498 ’
107 4499 197 4582 „eja‚
221 4496 323 4561 dulcis
346 4512 366 4560 c
389 4491 545 4574 servule,

104 4602 214 4666 andita
236 4607 287 4663 est
310 4599 435 4681 oratic,

103 4705 196 4796 pete,
220 4706 378 4790 quodvis
402 4713 435 4776 et
456 4698 615 4772 dahitnr.“

789 1899 841 1963 Ex
861 1901 1040 1983 improviso
1062 1899 1196 1964 coluber
1370 1895 1414 1958 25

789 2002 822 2065 in
845 2023 991 2087 campum
1014 2004 1082 2067 exit
1098 2002 1269 2082 maximus,

789 2115 900 2193 erecta
923 2126 1020 2174 cruce
1042 2107 1170 2190 perimit

788 2211 911 2275 athleta
935 2209 1056 2275 Christi
1079 2209 1267 2273 daemonem.

786 2395 895 2462 Elisus
918 2418 938 2460 a
962 2397 1121 2462 daemonic
1155 2440 1167 2463 .

731 2511 735 2518 '
786 2501 944 2564 instanter
967 2501 1048 2582 petit
1071 2497 1264 2581 servulum,
1369 2467 1422 2560 30¹

787 2604 917 2687 adjurat
940 2612 973 2668 et
994 2603 1134 2668 restituit

786 2709 961 2793 baptizatis
983 2707 1143 2774 affinibus

701 2915 705 2922 '
785 2898 900 2963 Hicin
924 2897 1038 2962 dclcre
1056 2897 1180 2980 gratias

786 3019 915 3082 semper
938 3001 1076 3065 canebat
1098 2997 1246 3079 dominc,

785 3103 963 3167 ferventius
985 3101 1184 3182 compatiens
1364 3098 1410 3162 35

785 3212 915 3272 vexatae
938 3219 1027 3268 saevo
1051 3201 1174 3283 spiritu.

784 3395 958 3479 Fulgentia
979 3411 1041 3476 prn
1063 3392 1159 3458 unica

783 3519 888 3584 pruna
909 3505 1063 3581 precatur
1085 3503 1281 3578 martyrem,

783 3603 837 3684 qni
859 3619 987 3665 socrum
1009 3598 1098 3662 Petri
1121 3599 1263 3664 nominat

782 3705 1017 3769 febricitantem
1038 3702 1189 3765 liberans.
1363 3701 1406 3764 40

782 3894 830 3959 De
852 3894 992 3976 Didymo
1016 3890 1093 3974 qnid
1113 3889 1281 3960 referam?

781 3998 1005 4084 precipitatur
1028 3998 1069 4062 ab
1093 3996 1175 4076 alto,

779 4104 907 4167 intimus
931 4099 1052 4170 Christi
1073 4097 1231 4168 servulus
1308 4175 1311 4182 .

780 4213 943 4273 restaurat
968 4205 1054 4270 hunc
1074 4199 1273 4271 semivivum
1353 4223 1355 4228 ·

781 4395 886 4460 Caecis
907 4355 1014 4458 multis
1038 4393 1177 4456 restitnit
1291 4356 1294 4363 Ι
1339 4386 1404 4450 ’45

780 4500 884 4563 visum
905 4497 1021 4561 mentis
1042 4504 1077 4560 et
1099 4492 1263 4576 corporis,

779 4623 852 4672 nam
875 4600 956 4664 deus
981 4600 1067 4664 hunc
1090 4597 1249 4662 dilexerat

779 4726 850 4793 prae
875 4705 998 4770 cunctis
1020 4703 1106 4768 illius
1129 4698 1294 4784 temporis.

1127 4803 1198 4868 32*
