3294 5316
235 341 304 417 tta

305 489 515 623 complantati
535 531 611 602 liliis

305 644 413 708 virent
434 642 468 708 in
490 639 617 706 delieiis

343 745 459 812 dorum
480 741 634 828 paradisi.

167 1151 176 1168 .
245 1114 279 1181 V.
305 1113 382 1182 Istae
405 1122 478 1179 aunt
501 1113 661 1179 terribiles

918 535 954 602 ll.
982 533 1009 602 0
1032 537 1129 602 beata
1151 537 1313 620 virginum

1022 646 1145 720 turma,
1169 655 1264 723 quam
1286 641 1398 706 divina
1513 642 1560 702 25

811 744 864 804 ι15
984 745 1157 810 illustravit
1177 746 1301 829 gratia,

612 848 649 914 ln
664 847 759 916 delle.
869 913 873 918 .

1023 847 1120 913 olivae
1142 851 1380 933 semperviva

983 949 1186 1035 profluentes
1208 952 1398 1034 elementia,

1022 1055 1120 1120 iaeite
1143 1073 1204 1119 nos
1227 1074 1308 1121 vere

1024 1162 1058 1220 et
1079 1158 1205 1222 sineere
1510 1160 1557 1226 30

985 1259 1099 1324 laudes
1121 1268 1249 1324 vestras
1271 1261 1443 1348 prosequi,

1024 1370 1060 1429 ut
1081 1371 1310 1448 postmortem

173 1249 178 1258 ·
306 1227 341 1284 ut
365 1227 546 1284 aestrorum
568 1217 657 1282 anias

346 1321 478 1387 ordines
500 1329 643 1403 oruata,

307 1445 380 1509 quae
396 1432 568 1490 ,tonsarum
591 1425 710 1490 similes

307 1529 525 1596 ascenderunt
547 1529 713 1614 sanguinis
824 1529 866 1593 20

345 1627 433 1697 undd
455 1631 626 1698 dealbatae.

1024 1473 1168 1530 sanatam
1192 1473 1312 1534 sortem

985 1589 1167 1635 mereamur
1190 1571 1329 1656 assequi.

924 1705 957 1772 V.
984 1702 1102 1789 Agite,
1485 1713 1554 1775 135

307 1809 352 1878 Ut
374 1809 535 1878 eolumbae
557 1812 643 1878 laete
664 1813 741 1878 lotae

308 1914 356 1979 sin
378 1933 498 1977 revera
519 1913 665 1996 pulchrae
686 1921 774 1979 totae.

606 2015 750 2082 Ascend.

986 1922 1023 1980 ut
1044 1915 1191 1999 gaudere
1213 1938 1397 1985 mereamur

1024 2018 1057 2081 iu
1081 2021 1205 2084 aeterna
1226 2021 1347 2084 laetitia.
1392 2019 1519 2086 Gloria.

329 2201 378 2257 lla.
396 2219 431 2257 uu
449 2201 627 2260 lielrteuthal
644 2201 694 2260 dea
714 2203 748 2256 ll
764 2201 864 2264 Jahrb.
889 2203 939 2258 mit
957 2201 1007 2257 der
1024 2203 1154 2264 maledie.
1194 2248 1196 2255 .

337 2324 419 2382 baed
432 2320 513 2380 fehlt.
540 2324 575 2384 82
588 2325 662 2382 deut
674 2321 756 2382 tabit.
781 2324 818 2382 84
831 2327 896 2380 tune
909 2321 989 2380 fehlt
1016 2326 1051 2379 et
1068 2324 1167 2381 basset
1185 2322 1292 2382 ferina
1321 2327 1374 2380 110
1391 2341 1484 2398 quam
1502 2327 1553 2383 Hs.

332 2447 366 2501 V.
385 2449 445 2502 122.
473 2445 626 2516 columbe,
648 2446 726 2501 dieue
743 2446 955 2519 Vergleiebuug
973 2447 1080 2503 lrommt
1098 2449 1178 2503 mehr
1195 2449 1224 2509 in
1243 2449 1297 2504 deu
1313 2448 1465 2520 Legeudeu
1484 2464 1550 2504 var.

240 2531 292 2591 Die
306 2533 444 2590 driaehan
462 2533 556 2588 habau
574 2534 615 2589 sie
634 2534 705 2589 auch
723 2529 771 2594 fria
787 2539 959 2612 gemarterte
974 2532 1167 2606 Junglraueu:
1189 2533 1338 2612 περιστερὰ
1351 2532 1553 2612 χρνσαυγῆσα,

241 2619 283 2694 τῷ
300 2627 442 2698 μαρτυρίῳ
460 2623 564 2690 ἔχουσα
584 2624 722 2698 πτέρυγας
738 2621 810 2699 πρὸς
827 2620 897 2678 θεὸν
916 2621 1037 2677 &ndreae
1063 2621 1119 2678 Jui.
1139 2625 1181 2676 17.

372 2903 498 2990 ‚1184
535 2906 594 2980 De
619 2905 678 2981 xl
702 2904 786 2992 mill
809 2908 900 3006 virg.
935 2903 1145 3004 antiphona.
1187 2908 1237 2979 ad
1267 2907 1399 2980 [mdes.

242 3105 304 3174 Sal
326 3124 429 3176 novus
452 3112 494 3176 ab
516 3110 622 3181 insula

311 3212 416 3294 surgit
438 3212 631 3297 oeeidentis,

244 3316 320 3382 dum
342 3319 494 3384 virtutum
516 3317 636 3388 Ursula

287 3420 392 3504 fulget
413 3422 628 3500 incrementis.

453 3612 497 3682 ud
515 3615 661 3696 admunt.

243 3763 305 3834 He
326 3766 447 3850 puellae
470 3769 573 3852 regiae

286 3869 398 3951 sponsi
418 3869 657 3954 commensales,
759 3878 763 3882 '

242 3969 320 4052 agui
344 3970 592 4054 tympanistriae,

287 4071 413 4152 angelis
434 4074 586 4155 aequales.

453 4266 496 4334 ad
516 4271 649 4336 tertiam.

239 4411 431 4485 Muliebrem
455 4421 646 4487 adornatum

282 4521 434 4587 mundum
454 4531 651 4605 aeeeperunt

238 4629 273 4688 et
296 4623 337 4688 ad
360 4644 473 4690 verum
496 4633 529 4690 et
550 4628 679 4693 beatum

280 4745 392 4808 regem
413 4726 622 4794 intraverunt.
690 4743 695 4750 ’

1138 3113 1180 3180 ad
1196 3119 1327 3183 eman.

920 3252 962 3318 lli
983 3259 1057 3317 sunt
1078 3251 1177 3317 flores
1199 3253 1392 3336 venustatis,

964 3373 1044 3439 quos
1067 3356 1219 3440 spirantis
1241 3357 1358 3440 gratiae

962 3561 1186 3646 meminerat
1203 3563 1310 3632 hama.
1345 3559 1348 3564 ’

846 3775 865 3836 5
1137 3757 1180 3822 ud
1200 3773 1325 3822 nonam.

918 3891 1055 3962 letarum
1077 3891 1219 3975 eollegla

919 3997 993 4063 aoeli
1015 4003 1130 4062 vernat
1152 3997 1261 4080 ragio,

917 4101 1048 4166 fuleitur
1071 4099 1227 4182 eeclesia,

918 4203 1089 4287 paradisus
1110 4204 1255 4286 fragrat,
1502 4208 1546 4272 20

918 4306 1055 4372 mundus
1077 4305 1253 4372 redimitur.

823 4526 864 4590 10
1032 4495 1149 4579 antipb.
1173 4491 1423 4590 (adtemptat.)

917 4631 943 4698 0
967 4652 1062 4740 quam
1086 4632 1224 4716 pulelrra
1244 4632 1407 4716 virginum

848 4824 852 4831 ι
960 4741 1051 4802 easta
1072 4736 1258 4820 generatio,

986 1827 1006 1875 ο
1028 1811 1199 1895 benignae,
1219 1813 1308 1896 quod
1329 1833 1523 1898 precam,
1625 1903 1626 1908 ἵ

919 3479 979 3524 var
1002 3467 1035 3524 et
1056 3467 1156 3527 aestas
1178 3461 1323 3528 eruatis
1507 3463 1550 3528 1t
1625 3517 1626 3534 .
