3326 5322
451 777 538 852 963.
577 733 771 876 Sequentia
798 776 895 850 des.
923 775 1128 876 Gumperto.

129 1012 266 1080 Sursum
289 1013 391 1080 corda
413 1015 604 1098 dirigamus,
811 1013 915 1080 Homo
938 1017 1015 1080 vitae
1038 1017 1227 1102 singularis,
1359 1089 1362 1096 ι
1392 1019 1435 1100 25

127 1125 166 1182 ut
188 1135 298 1182 amore
320 1115 504 1182 ferveamus
809 1117 987 1201 disciplinae
1010 1117 1160 1184 salutaris

129 1219 213 1287 Jesu
235 1217 356 1284 Christi
379 1218 506 1284 domini.
810 1225 863 1284 est
884 1220 1022 1302 adeptus
1044 1221 1192 1302 gratiam,
1220 1285 1225 1294 ,

131 1406 251 1476 Christi
274 1429 403 1496 semper
425 1408 600 1476 inhonore
808 1408 898 1473 Vixit
920 1414 1025 1502 caste,
1048 1409 1129 1472 vixit
1151 1410 1205 1494 pie

130 1513 249 1597 psallat
270 1519 394 1596 ruente,
417 1513 537 1596 psallat
560 1530 633 1594 ore,
736 1514 756 1576 5
811 1531 915 1577 sacrae
937 1512 1055 1595 virgini
1077 1512 1192 1577 Mariae

130 1617 186 1700 qui
208 1615 386 1682 concordat
404 1616 532 1685 nomini.
810 1621 1001 1679 construens
1025 1614 1203 1679 ecclesiam.
1392 1615 1434 1680 30

127 1808 204 1893 Ipse
227 1808 297 1872 lans
321 1814 371 1872 est
395 1807 601 1890 angelorum,
700 1867 705 1877 ,
810 1803 956 1871 Kilianus
979 1806 1165 1891 seminavit,

127 1913 200 1998 ipse
224 1911 311 1975 salus
334 1910 524 1994 electorum,
568 1952 570 1956 -
811 1907 899 1990 quod
921 1905 1128 1972 Barchardus
1151 1907 1313 1992 irrigavit,

127 2015 201 2099 ipse
223 2033 301 2098 spes
323 2022 356 2080 et
378 2015 493 2097 gloria.
704 2081 707 2086 ,
808 2010 895 2094 quod
919 2008 1114 2096 Gumpertus
1136 2012 1277 2076 messuit

129 2201 262 2268 Laudes
285 2221 366 2285 ergo
391 2201 565 2266 salvatoris
716 2201 756 2264 10
808 2201 927 2268 Samen
951 2212 1022 2268 erat
1043 2206 1179 2270 verbum
1201 2201 1269 2284 dei,

79 2329 83 2336 ’
128 2305 162 2371 iu
185 2304 354 2389 Gumperti
376 2304 572 2370 confessoris
748 2347 751 2356 ·
809 2307 924 2371 messis
946 2307 1070 2372 fructus
1094 2314 1216 2373 sanotae
1238 2307 1325 2390 spei,
1392 2307 1433 2370 ³5

104 2497 107 2502 Ι
130 2410 303 2498 pangimus
326 2411 488 2475 memoria.
809 2430 873 2492 qua
896 2409 1090 2494 Gnmpertus
1112 2410 1224 2493 viguit.

130 2599 191 2670 lile
214 2599 276 2664 deo
299 2599 463 2680 militavit,
811 2599 836 2666 0
861 2600 1054 2685 Gumperte,
1078 2598 1292 2684 suffragator,

45 2724 51 2735 ·
132 2704 211 2769 vicit
233 2703 398 2785 mundum,
421 2701 631 2796 triumphavit
708 2795 711 2802 ⁴
811 2715 882 2772 esto
906 2708 998 2808 nobis
1021 2699 1220 2787 consolator,

75 2837 78 2842 ·
132 2807 313 2905 debellatis
326 2807 519 2873 hostibus*
717 2806 756 2868 15
811 2811 948 2876 subveni
970 2805 1190 2876 clamantibus
1251 2805 1256 2814 '

129 3001 248 3066 Hostes
272 3005 365 3064 erant
388 2999 494 3064 carnis
518 3006 637 3082 motus,
809 2998 866 3066 Ad
888 3007 1024 3084 peccata
1049 2996 1236 3063 redimenda
1393 2995 1434 3060 ld

130 3103 246 3184 quibus
268 3100 331 3165 deo
354 3101 405 3164 vir
428 3099 565 3165 devotus
808 3112 864 3167 tuo
888 3103 1041 3185 reginos
1065 3099 1251 3165 commenda

128 3205 247 3270 restitit
267 3203 469 3268 instantibus.
809 3207 931 3270 meritis
954 3214 987 3270 et
1008 3205 1169 3288 precibus.

129 3393 210 3460 (lum
234 3393 276 3458 ad
298 3393 395 3458 fidem
418 3393 617 3480 traheretur,
807 3394 913 3479 Audi,
937 3397 1031 3478 Jesu,
1056 3395 1289 3478 supplicantes,

128 3520 169 3564 ne
193 3520 213 3564 a
235 3497 300 3563 fide
320 3499 501 3582 laberetur,
713 3501 755 3564 20
809 3500 885 3567 audi
913 3506 977 3563 tuae
999 3498 1201 3581 postulantes

129 3603 252 3668 domuit
272 3603 425 3669 carnalia.
733 3617 736 3622 '
809 3605 881 3690 opis
904 3600 1114 3681 adminicula,
1281 3667 1285 3676 ,
1391 3599 1433 3661 45

127 3793 328 3859 destinando
352 3793 395 3858 ad
417 3792 554 3859 salutem
790 3767 854 3858 'Et
875 3793 1022 3876 placatus
1047 3791 1095 3854 bis
1118 3789 1288 3874 patronis·

129 3896 172 3962 de
194 3898 313 3962 virtute
336 3899 369 3960 in
392 3891 543 3961 virtutem
810 3896 852 3961 ad
875 3916 1026 3982 supernae
1048 3896 1182 3959 visionis

129 4000 239 4104 posuit
256 3999 408 4081 vestigia.
810 4001 873 4066 duc
895 4017 956 4067 nos
977 3998 1170 4110 habitacula.
1231 4053 1235 4061 .

217 4196 277 4250 Ans
304 4197 527 4268 gesnhriebenen
550 4199 694 4258 Zusiitu‘en
717 4201 746 4258 in
770 4201 831 4257 dem
854 4157 1050 4274 wirzburger
1068 4190 1215 4270 llessbirch
1237 4213 1295 4276 von
1312 4199 1383 4254 1484
1406 4197 1435 4256 in

129 4281 259 4352 dortiger
282 4280 455 4340 Bibliothek
491 4285 629 4358 (lumpert
651 4303 714 4343 war
740 4287 790 4344 der
813 4289 922 4343 Patron
945 4289 997 4344 der
1022 4285 1204 4344 Stiltslrirche
1234 4303 1269 4342 uu
1293 4283 1433 4363 Ansbaoh,

132 4365 230 4424 votur
248 4369 338 4461 dieses
356 4371 424 4426 Lied
442 4375 573 4442 gemacht
591 4375 696 4431 warde.
808 4423 811 4430 r

218 4511 343 4595 dhissu,
362 4511 409 4566 lle.
446 4516 480 4568 32
499 4517 643 4602 erogavit,
660 4517 708 4574 lis.
745 4519 779 4572 41
798 4516 897 4572 besses
914 4517 977 4572 tuis.
1014 4517 1048 4572 45
1067 4515 1174 4572 ammin.
1193 4515 1240 4610 lls.

218 4650 253 4706 V.
272 4652 297 4705 o.
324 4652 399 4706 Wer
416 4653 477 4708 sich
494 4655 576 4710 einen
593 4655 724 4712 christan
742 4661 834 4710 neunt.
1232 4697 1236 4704 .

218 4738 250 4794 V.
269 4742 312 4796 47.
337 4755 459 4811 superna
470 4741 559 4828 visio,
578 4742 630 4798 das
655 4741 826 4800 himmlisehe
845 4740 1009 4800 Jerusalem.
1037 4742 1089 4800 No.
1108 4743 1168 4811 aab,
1187 4743 1229 4798 14.
1265 4816 1269 4826 Ι
