<?xml version="1.0" encoding="UTF-8"?>
<!DOCTYPE html PUBLIC "-//W3C//DTD XHTML 1.0 Transitional//EN"
    "http://www.w3.org/TR/xhtml1/DTD/xhtml1-transitional.dtd">
<html xmlns="http://www.w3.org/1999/xhtml" xml:lang="en" lang="en">
 <head>
  <title>
</title>
<meta http-equiv="Content-Type" content="text/html;charset=utf-8" />
  <meta name='ocr-system' content='tesseract 3.04.00' />
  <meta name='ocr-capabilities' content='ocr_page ocr_carea ocr_par ocr_line ocrx_word'/>
</head>
<body>
  <div class='ocr_page' id='page_1' title='image "./lateinischehymn02monegoog/lateinischehymn02monegoog_0205.png"; bbox 0 0 3310 5316; ppageno 0'>
   <div class='ocr_carea' id='block_1_1' title="bbox 546 747 926 824">
    <p class='ocr_par' dir='ltr' id='par_1_1' title="bbox 546 747 926 824">
     <span class='ocr_line' id='line_1_1' title="bbox 546 747 926 824; baseline -0.016 -2"><span class='ocrx_word' id='word_1_1' title='bbox 546 749 632 824; x_wconf 76' lang='lat'><strong>789.</strong></span> <span class='ocrx_word' id='word_1_2' title='bbox 670 747 729 819; x_wconf 83' lang='lat' dir='ltr'><strong>De</strong></span> <span class='ocrx_word' id='word_1_3' title='bbox 756 771 782 819; x_wconf 83' lang='lat' dir='ltr'><strong>s.</strong></span> <span class='ocrx_word' id='word_1_4' title='bbox 810 749 926 818; x_wconf 81' lang='lat' dir='ltr'><strong>Anna.</strong></span> 
     </span>
    </p>
   </div>
   <div class='ocr_carea' id='block_1_2' title="bbox 95 948 1224 1138">
    <p class='ocr_par' dir='ltr' id='par_1_2' title="bbox 95 948 1224 1138">
     <span class='ocr_line' id='line_1_2' title="bbox 95 948 1221 1040; baseline -0.004 -23"><span class='ocrx_word' id='word_1_5' title='bbox 95 950 189 1017; x_wconf 87' lang='lat' dir='ltr'><strong>Salve</strong></span> <span class='ocrx_word' id='word_1_6' title='bbox 211 957 325 1016; x_wconf 74' lang='lat' dir='ltr'><strong>saneta</strong></span> <span class='ocrx_word' id='word_1_7' title='bbox 345 970 466 1036; x_wconf 84' lang='lat' dir='ltr'><strong>pareus</strong></span> <span class='ocrx_word' id='word_1_8' title='bbox 762 948 908 1032; x_wconf 82' lang='lat' dir='ltr'><strong>junctam</strong></span> <span class='ocrx_word' id='word_1_9' title='bbox 930 965 1011 1012; x_wconf 84' lang='lat' dir='ltr'><strong>vero</strong></span> <span class='ocrx_word' id='word_1_10' title='bbox 1035 949 1097 1017; x_wconf 75' lang='lat' dir='ltr'><strong>soii</strong></span> <span class='ocrx_word' id='word_1_11' title='bbox 1218 1029 1221 1040; x_wconf 82' lang='lat'><strong>.</strong></span> 
     </span>
     <span class='ocr_line' id='line_1_3' title="bbox 134 1045 1224 1138; baseline -0.005 -18"><span class='ocrx_word' id='word_1_12' title='bbox 134 1057 242 1122; x_wconf 81' lang='lat' dir='ltr'><strong>matris</strong></span> <span class='ocrx_word' id='word_1_13' title='bbox 264 1055 454 1138; x_wconf 84' lang='lat' dir='ltr'><strong>salvatoris,</strong></span> <span class='ocrx_word' id='word_1_14' title='bbox 808 1048 936 1114; x_wconf 85' lang='lat' dir='ltr'><strong>stellam</strong></span> <span class='ocrx_word' id='word_1_15' title='bbox 957 1069 1000 1114; x_wconf 81' lang='lat' dir='ltr'><strong>ex</strong></span> <span class='ocrx_word' id='word_1_16' title='bbox 1021 1056 1053 1114; x_wconf 89' lang='lat' dir='ltr'><strong>te</strong></span> <span class='ocrx_word' id='word_1_17' title='bbox 1076 1057 1193 1116; x_wconf 89' lang='lat' dir='ltr'><strong>natam.</strong></span> <span class='ocrx_word' id='word_1_18' title='bbox 1221 1045 1224 1057; x_wconf 83' lang='lat'>&#39;</span> 
     </span>
    </p>
   </div>
   <div class='ocr_carea' id='block_1_3' title="bbox 95 1158 439 1241">
    <p class='ocr_par' dir='ltr' id='par_1_3' title="bbox 95 1158 439 1241">
     <span class='ocr_line' id='line_1_4' title="bbox 95 1158 439 1241; baseline -0.012 -15"><span class='ocrx_word' id='word_1_19' title='bbox 95 1158 186 1226; x_wconf 86' lang='lat' dir='ltr'><strong>Auua</strong></span> <span class='ocrx_word' id='word_1_20' title='bbox 207 1159 282 1226; x_wconf 83' lang='lat' dir='ltr'><strong>labe</strong></span> <span class='ocrx_word' id='word_1_21' title='bbox 305 1177 439 1241; x_wconf 81' lang='lat' dir='ltr'><strong>aereus,</strong></span> 
     </span>
    </p>
   </div>
   <div class='ocr_carea' id='block_1_4' title="bbox 134 1237 1138 1428">
    <p class='ocr_par' dir='ltr' id='par_1_4' title="bbox 134 1237 1138 1428">
     <span class='ocr_line' id='line_1_5' title="bbox 134 1237 1046 1332; baseline -0.033 1"><span class='ocrx_word' id='word_1_22' title='bbox 134 1283 192 1332; x_wconf 81' lang='lat' dir='ltr'><strong>vas</strong></span> <span class='ocrx_word' id='word_1_23' title='bbox 215 1264 359 1330; x_wconf 82' lang='lat' dir='ltr'><strong>eoelestis</strong></span> <span class='ocrx_word' id='word_1_24' title='bbox 381 1262 475 1328; x_wconf 82' lang='lat' dir='ltr'><strong>roris.</strong></span> <span class='ocrx_word' id='word_1_25' title='bbox 608 1287 615 1293; x_wconf 88' lang='lat'><strong>·</strong></span> <span class='ocrx_word' id='word_1_26' title='bbox 766 1237 858 1322; x_wconf 81' lang='lat' dir='ltr'><strong>Ergo</strong></span> <span class='ocrx_word' id='word_1_27' title='bbox 880 1240 1046 1323; x_wconf 75' lang='lat' dir='ltr'><strong>gratulare</strong></span> 
     </span>
     <span class='ocr_line' id='line_1_6' title="bbox 810 1343 1138 1428; baseline 0 -20"><span class='ocrx_word' id='word_1_28' title='bbox 810 1350 900 1408; x_wconf 89' lang='lat' dir='ltr'><strong>tauta</strong></span> <span class='ocrx_word' id='word_1_29' title='bbox 921 1345 1016 1428; x_wconf 89' lang='lat' dir='ltr'><strong>prole</strong></span> <span class='ocrx_word' id='word_1_30' title='bbox 1038 1343 1138 1427; x_wconf 82' lang='lat' dir='ltr'><strong>digua</strong></span> 
     </span>
    </p>
   </div>
   <div class='ocr_carea' id='block_1_5' title="bbox 95 1445 1103 1536">
    <p class='ocr_par' dir='ltr' id='par_1_5' title="bbox 95 1445 1103 1536">
     <span class='ocr_line' id='line_1_7' title="bbox 95 1445 1103 1536; baseline -0.005 -17"><span class='ocrx_word' id='word_1_31' title='bbox 95 1453 195 1519; x_wconf 81' lang='lat' dir='ltr'><strong>Mater</strong></span> <span class='ocrx_word' id='word_1_32' title='bbox 216 1451 380 1536; x_wconf 81' lang='lat' dir='ltr'><strong>gratiosa,</strong></span> <span class='ocrx_word' id='word_1_33' title='bbox 693 1445 713 1508; x_wconf 84' lang='lat'><strong>5</strong></span> <span class='ocrx_word' id='word_1_34' title='bbox 767 1465 890 1529; x_wconf 84' lang='lat' dir='ltr'><strong>uosque</strong></span> <span class='ocrx_word' id='word_1_35' title='bbox 913 1450 1103 1532; x_wconf 86' lang='lat' dir='ltr'><strong>eousolare,</strong></span> 
     </span>
    </p>
   </div>
   <div class='ocr_carea' id='block_1_6' title="bbox 135 1549 1141 1641">
    <p class='ocr_par' dir='ltr' id='par_1_6' title="bbox 135 1549 1141 1641">
     <span class='ocr_line' id='line_1_8' title="bbox 135 1549 1141 1641; baseline -0.005 -20"><span class='ocrx_word' id='word_1_36' title='bbox 135 1559 252 1641; x_wconf 81' lang='lat' dir='ltr'><strong>pietate</strong></span> <span class='ocrx_word' id='word_1_37' title='bbox 275 1561 388 1638; x_wconf 80' lang='lat' dir='ltr'><strong>grata,</strong></span> <span class='ocrx_word' id='word_1_38' title='bbox 810 1549 914 1616; x_wconf 80' lang='lat' dir='ltr'><strong>duleis</strong></span> <span class='ocrx_word' id='word_1_39' title='bbox 937 1558 974 1619; x_wconf 84' lang='lat' dir='ltr'><strong>et.</strong></span> <span class='ocrx_word' id='word_1_40' title='bbox 992 1553 1141 1635; x_wconf 81' lang='lat' dir='ltr'><strong>benigue.</strong></span> 
     </span>
    </p>
   </div>
   <div class='ocr_carea' id='block_1_7' title="bbox 95 1651 415 1745">
    <p class='ocr_par' dir='ltr' id='par_1_7' title="bbox 95 1651 415 1745">
     <span class='ocr_line' id='line_1_9' title="bbox 95 1651 415 1745; baseline -0.013 -20"><span class='ocrx_word' id='word_1_41' title='bbox 95 1661 189 1745; x_wconf 84' lang='lat' dir='ltr'><strong>stirpe</strong></span> <span class='ocrx_word' id='word_1_42' title='bbox 211 1675 389 1744; x_wconf 81' lang='lat' dir='ltr'><strong>generosa,</strong></span> <span class='ocrx_word' id='word_1_43' title='bbox 409 1651 415 1667; x_wconf 68' lang='lat'>‘</span> 
     </span>
    </p>
   </div>
   <div class='ocr_carea' id='block_1_8' title="bbox 133 1745 1202 1935">
    <p class='ocr_par' dir='ltr' id='par_1_8' title="bbox 133 1745 1202 1935">
     <span class='ocr_line' id='line_1_10' title="bbox 133 1745 1085 1847; baseline -0.02 -19"><span class='ocrx_word' id='word_1_44' title='bbox 133 1766 224 1847; x_wconf 81' lang='lat' dir='ltr'><strong>prole</strong></span> <span class='ocrx_word' id='word_1_45' title='bbox 246 1762 427 1828; x_wconf 88' lang='lat' dir='ltr'><strong>sublimata.</strong></span> <span class='ocrx_word' id='word_1_46' title='bbox 766 1745 794 1812; x_wconf 89' lang='lat'>0</span> <span class='ocrx_word' id='word_1_47' title='bbox 815 1745 877 1812; x_wconf 86' lang='lat' dir='ltr'><strong>tios</strong></span> <span class='ocrx_word' id='word_1_48' title='bbox 898 1746 1085 1828; x_wconf 81' lang='lat' dir='ltr'><strong>mulierum,</strong></span> 
     </span>
     <span class='ocr_line' id='line_1_11' title="bbox 810 1850 1202 1935; baseline 0.008 -22"><span class='ocrx_word' id='word_1_49' title='bbox 810 1850 863 1915; x_wconf 81' lang='lat' dir='ltr'><strong>faa</strong></span> <span class='ocrx_word' id='word_1_50' title='bbox 884 1870 945 1934; x_wconf 70' lang='lat' dir='ltr'><strong>per</strong></span> <span class='ocrx_word' id='word_1_51' title='bbox 967 1856 1054 1915; x_wconf 86' lang='lat' dir='ltr'><strong>tuam</strong></span> <span class='ocrx_word' id='word_1_52' title='bbox 1076 1852 1202 1935; x_wconf 85' lang='lat' dir='ltr'><strong>prolem</strong></span> 
     </span>
    </p>
   </div>
   <div class='ocr_carea' id='block_1_9' title="bbox 94 1952 1156 2142">
    <p class='ocr_par' dir='ltr' id='par_1_9' title="bbox 94 1952 1156 2142">
     <span class='ocr_line' id='line_1_12' title="bbox 94 1952 1131 2038; baseline 0.001 -21"><span class='ocrx_word' id='word_1_53' title='bbox 94 1953 214 2019; x_wconf 87' lang='lat' dir='ltr'><strong>Prolem</strong></span> <span class='ocrx_word' id='word_1_54' title='bbox 236 1953 328 2038; x_wconf 84' lang='lat' dir='ltr'><strong>paris</strong></span> <span class='ocrx_word' id='word_1_55' title='bbox 349 1959 493 2033; x_wconf 86' lang='lat' dir='ltr'><strong>ternam,</strong></span> <span class='ocrx_word' id='word_1_56' title='bbox 767 1970 827 2016; x_wconf 87' lang='lat' dir='ltr'><strong>uos</strong></span> <span class='ocrx_word' id='word_1_57' title='bbox 848 1952 881 2016; x_wconf 88' lang='lat' dir='ltr'><strong>in</strong></span> <span class='ocrx_word' id='word_1_58' title='bbox 904 1953 994 2017; x_wconf 75' lang='lat' dir='ltr'><strong>ooelir</strong></span> <span class='ocrx_word' id='word_1_59' title='bbox 1017 1973 1131 2019; x_wconf 85' lang='lat' dir='ltr'><strong>verum</strong></span> 
     </span>
     <span class='ocr_line' id='line_1_13' title="bbox 132 2054 1156 2142; baseline 0 -20"><span class='ocrx_word' id='word_1_60' title='bbox 132 2078 225 2123; x_wconf 90' lang='lat' dir='ltr'><strong>unam</strong></span> <span class='ocrx_word' id='word_1_61' title='bbox 247 2056 489 2142; x_wconf 64' lang='lat' dir='ltr'><strong>praeterieram,</strong></span> <span class='ocrx_word' id='word_1_62' title='bbox 674 2054 714 2116; x_wconf 87' lang='lat'><strong>10</strong></span> <span class='ocrx_word' id='word_1_63' title='bbox 812 2056 1024 2140; x_wconf 88' lang='lat' dir='ltr'><strong>contemplari</strong></span> <span class='ocrx_word' id='word_1_64' title='bbox 1045 2058 1156 2123; x_wconf 87' lang='lat' dir='ltr'><strong>solem.</strong></span> 
     </span>
    </p>
   </div>
   <div class='ocr_carea' id='block_1_10' title="bbox 96 2164 1124 2333">
    <p class='ocr_par' dir='ltr' id='par_1_10' title="bbox 96 2164 1124 2333">
     <span class='ocr_line' id='line_1_14' title="bbox 96 2164 426 2230; baseline -0.003 -4"><span class='ocrx_word' id='word_1_65' title='bbox 96 2165 214 2230; x_wconf 85' lang='lat' dir='ltr'><strong>stellam</strong></span> <span class='ocrx_word' id='word_1_66' title='bbox 237 2164 426 2228; x_wconf 85' lang='lat' dir='ltr'><strong>matutinam</strong></span> 
     </span>
     <span class='ocr_line' id='line_1_15' title="bbox 135 2245 1124 2333; baseline -0.002 -1"><span class='ocrx_word' id='word_1_67' title='bbox 135 2276 167 2332; x_wconf 89' lang='lat' dir='ltr'><strong>et</strong></span> <span class='ocrx_word' id='word_1_68' title='bbox 187 2269 265 2333; x_wconf 84' lang='lat' dir='ltr'><strong>solis</strong></span> <span class='ocrx_word' id='word_1_69' title='bbox 291 2286 448 2333; x_wconf 85' lang='lat' dir='ltr'><strong>auroram.</strong></span> <span class='ocrx_word' id='word_1_70' title='bbox 768 2245 839 2310; x_wconf 71' lang='lat'><strong>⁰⁰⁰</strong></span> <span class='ocrx_word' id='word_1_71' title='bbox 863 2247 932 2312; x_wconf 69' lang='lat'><strong>¹³⁰⁸</strong></span> <span class='ocrx_word' id='word_1_72' title='bbox 954 2248 1124 2330; x_wconf 63' lang='lat' dir='ltr'><strong>immensae</strong></span> 
     </span>
    </p>
   </div>
   <div class='ocr_carea' id='block_1_11' title="bbox 96 2351 1153 2643">
    <p class='ocr_par' dir='ltr' id='par_1_11' title="bbox 96 2351 1153 2643">
     <span class='ocr_line' id='line_1_16' title="bbox 813 2351 1153 2432; baseline 0.006 -18"><span class='ocrx_word' id='word_1_73' title='bbox 813 2351 866 2432; x_wconf 91' lang='lat' dir='ltr'><strong>qui</strong></span> <span class='ocrx_word' id='word_1_74' title='bbox 890 2351 1014 2415; x_wconf 83' lang='lat' dir='ltr'><strong>eoelesti</strong></span> <span class='ocrx_word' id='word_1_75' title='bbox 1036 2371 1153 2416; x_wconf 87' lang='lat' dir='ltr'><strong>manna</strong></span> 
     </span>
     <span class='ocr_line' id='line_1_17' title="bbox 96 2454 1100 2539; baseline -0.001 -20"><span class='ocrx_word' id='word_1_76' title='bbox 96 2454 170 2521; x_wconf 86' lang='lat' dir='ltr'><strong>Nam</strong></span> <span class='ocrx_word' id='word_1_77' title='bbox 191 2457 224 2522; x_wconf 89' lang='lat' dir='ltr'><strong>in</strong></span> <span class='ocrx_word' id='word_1_78' title='bbox 247 2473 370 2522; x_wconf 84' lang='lat' dir='ltr'><strong>summo</strong></span> <span class='ocrx_word' id='word_1_79' title='bbox 392 2455 462 2539; x_wconf 89' lang='lat' dir='ltr'><strong>poli</strong></span> <span class='ocrx_word' id='word_1_80' title='bbox 769 2471 829 2518; x_wconf 88' lang='lat' dir='ltr'><strong>nos</strong></span> <span class='ocrx_word' id='word_1_81' title='bbox 854 2454 887 2517; x_wconf 92' lang='lat' dir='ltr'><strong>in</strong></span> <span class='ocrx_word' id='word_1_82' title='bbox 909 2472 968 2518; x_wconf 82' lang='lat' dir='ltr'><strong>aua</strong></span> <span class='ocrx_word' id='word_1_83' title='bbox 989 2473 1100 2518; x_wconf 83' lang='lat' dir='ltr'><strong>mensa</strong></span> 
     </span>
     <span class='ocr_line' id='line_1_18' title="bbox 134 2559 1138 2643; baseline 0.002 -21"><span class='ocrx_word' id='word_1_84' title='bbox 134 2559 224 2626; x_wconf 88' lang='lat' dir='ltr'><strong>vides</strong></span> <span class='ocrx_word' id='word_1_85' title='bbox 248 2559 443 2626; x_wconf 82' lang='lat' dir='ltr'><strong>eolloeatam</strong></span> <span class='ocrx_word' id='word_1_86' title='bbox 814 2568 959 2643; x_wconf 84' lang='lat' dir='ltr'><strong>recreet,</strong></span> <span class='ocrx_word' id='word_1_87' title='bbox 983 2581 1003 2626; x_wconf 91' lang='grc' dir='ltr'><strong>ο</strong></span> <span class='ocrx_word' id='word_1_88' title='bbox 1024 2559 1138 2628; x_wconf 82' lang='lat' dir='ltr'><strong>Anna!</strong></span> 
     </span>
    </p>
   </div>
   <div class='ocr_carea' id='block_1_12' title="bbox 176 2737 1016 2811">
    <p class='ocr_par' dir='ltr' id='par_1_12' title="bbox 176 2737 1016 2811">
     <span class='ocr_line' id='line_1_19' title="bbox 176 2737 1016 2811; baseline 0 -17"><span class='ocrx_word' id='word_1_89' title='bbox 176 2739 222 2794; x_wconf 76' lang='lat' dir='ltr'><strong>Hs</strong></span> <span class='ocrx_word' id='word_1_90' title='bbox 240 2756 278 2794; x_wconf 78' lang='lat' dir='ltr'><strong>au</strong></span> <span class='ocrx_word' id='word_1_91' title='bbox 296 2738 397 2808; x_wconf 78' lang='lat' dir='ltr'><strong>Mariua,</strong></span> <span class='ocrx_word' id='word_1_92' title='bbox 416 2741 489 2811; x_wconf 76' lang='lat' dir='ltr'><strong>Aug.</strong></span> <span class='ocrx_word' id='word_1_93' title='bbox 508 2739 559 2796; x_wconf 87' lang='lat' dir='ltr'><strong>No.</strong></span> <span class='ocrx_word' id='word_1_94' title='bbox 578 2740 640 2796; x_wconf 73' lang='lat' dir='ltr'><strong>teu.</strong></span> <span class='ocrx_word' id='word_1_95' title='bbox 657 2737 700 2794; x_wconf 78' lang='lat' dir='ltr'><strong>BL</strong></span> <span class='ocrx_word' id='word_1_96' title='bbox 717 2741 777 2796; x_wconf 68' lang='lat'><strong>2⁰4.</strong></span> <span class='ocrx_word' id='word_1_97' title='bbox 795 2741 845 2796; x_wconf 77' lang='lat' dir='ltr'><strong>aer</strong></span> <span class='ocrx_word' id='word_1_98' title='bbox 865 2743 899 2795; x_wconf 83' lang='lat'><strong>15</strong></span> <span class='ocrx_word' id='word_1_99' title='bbox 916 2740 1016 2796; x_wconf 75' lang='lat' dir='ltr'><strong>Jahrb.</strong></span> 
     </span>
    </p>
   </div>
   <div class='ocr_carea' id='block_1_13' title="bbox 377 3047 1120 3150">
    <p class='ocr_par' dir='ltr' id='par_1_13' title="bbox 377 3047 1120 3150">
     <span class='ocr_line' id='line_1_20' title="bbox 377 3047 1120 3150; baseline -0.005 -26"><span class='ocrx_word' id='word_1_100' title='bbox 377 3051 464 3124; x_wconf 77' lang='lat'><strong>790.</strong></span> <span class='ocrx_word' id='word_1_101' title='bbox 496 3049 554 3121; x_wconf 85' lang='lat' dir='ltr'><strong>De</strong></span> <span class='ocrx_word' id='word_1_102' title='bbox 582 3047 723 3144; x_wconf 86' lang='lat' dir='ltr'><strong>eadem,</strong></span> <span class='ocrx_word' id='word_1_103' title='bbox 749 3051 929 3150; x_wconf 85' lang='lat' dir='ltr'><strong>inprimis</strong></span> <span class='ocrx_word' id='word_1_104' title='bbox 954 3052 1120 3150; x_wconf 82' lang='lat' dir='ltr'><strong>vesperis.</strong></span> 
     </span>
    </p>
   </div>
   <div class='ocr_carea' id='block_1_14' title="bbox 99 3249 1172 3652">
    <p class='ocr_par' dir='ltr' id='par_1_14' title="bbox 99 3249 1172 3652">
     <span class='ocr_line' id='line_1_21' title="bbox 99 3249 1172 3341; baseline 0 -23"><span class='ocrx_word' id='word_1_105' title='bbox 99 3249 189 3320; x_wconf 76' lang='lat' dir='ltr'><strong>Lusis</strong></span> <span class='ocrx_word' id='word_1_106' title='bbox 211 3256 311 3341; x_wconf 86' lang='lat' dir='ltr'><strong>hujus</strong></span> <span class='ocrx_word' id='word_1_107' title='bbox 333 3255 418 3320; x_wconf 83' lang='lat' dir='ltr'><strong>ferta</strong></span> <span class='ocrx_word' id='word_1_108' title='bbox 769 3254 821 3321; x_wconf 80' lang='lat' dir='ltr'><strong>lix</strong></span> <span class='ocrx_word' id='word_1_109' title='bbox 843 3255 907 3321; x_wconf 82' lang='lat' dir='ltr'><strong>hae</strong></span> <span class='ocrx_word' id='word_1_110' title='bbox 929 3255 1036 3320; x_wconf 85' lang='lat' dir='ltr'><strong>earnis</strong></span> <span class='ocrx_word' id='word_1_111' title='bbox 1059 3256 1172 3338; x_wconf 84' lang='lat' dir='ltr'><strong>planta</strong></span> 
     </span>
     <span class='ocr_line' id='line_1_22' title="bbox 100 3359 1145 3446; baseline 0 -24"><span class='ocrx_word' id='word_1_112' title='bbox 100 3360 170 3425; x_wconf 86' lang='lat' dir='ltr'><strong>eolit</strong></span> <span class='ocrx_word' id='word_1_113' title='bbox 190 3363 287 3446; x_wconf 84' lang='lat' dir='ltr'><strong>plebs</strong></span> <span class='ocrx_word' id='word_1_114' title='bbox 310 3361 466 3441; x_wconf 86' lang='lat' dir='ltr'><strong>honesta,</strong></span> <span class='ocrx_word' id='word_1_115' title='bbox 771 3360 875 3441; x_wconf 79' lang='lat' dir='ltr'><strong>surgit</strong></span> <span class='ocrx_word' id='word_1_116' title='bbox 896 3359 992 3441; x_wconf 85' lang='lat' dir='ltr'><strong>virgo</strong></span> <span class='ocrx_word' id='word_1_117' title='bbox 1016 3367 1145 3439; x_wconf 84' lang='lat' dir='ltr'><strong>saneta,</strong></span> 
     </span>
     <span class='ocr_line' id='line_1_23' title="bbox 99 3458 1098 3544; baseline 0.002 -22"><span class='ocrx_word' id='word_1_118' title='bbox 99 3458 187 3525; x_wconf 87' lang='lat' dir='ltr'><strong>deum</strong></span> <span class='ocrx_word' id='word_1_119' title='bbox 210 3463 285 3528; x_wconf 83' lang='lat' dir='ltr'><strong>eoeli</strong></span> <span class='ocrx_word' id='word_1_120' title='bbox 307 3461 413 3544; x_wconf 81' lang='lat' dir='ltr'>dignis</span> <span class='ocrx_word' id='word_1_121' title='bbox 771 3484 814 3527; x_wconf 86' lang='lat' dir='ltr'><strong>ex</strong></span> <span class='ocrx_word' id='word_1_122' title='bbox 833 3463 896 3528; x_wconf 85' lang='lat' dir='ltr'><strong>hoe</strong></span> <span class='ocrx_word' id='word_1_123' title='bbox 917 3461 987 3526; x_wconf 90' lang='lat' dir='ltr'><strong>fluit</strong></span> <span class='ocrx_word' id='word_1_124' title='bbox 1009 3463 1098 3526; x_wconf 85' lang='lat' dir='ltr'><strong>fonte</strong></span> 
     </span>
     <span class='ocr_line' id='line_1_24' title="bbox 100 3565 1124 3652; baseline 0.001 -26"><span class='ocrx_word' id='word_1_125' title='bbox 100 3566 364 3649; x_wconf 78' lang='lat' dir='ltr'><strong>confrequentans</strong></span> <span class='ocrx_word' id='word_1_126' title='bbox 387 3567 525 3652; x_wconf 84' lang='lat' dir='ltr'><strong>hymnis.</strong></span> <span class='ocrx_word' id='word_1_127' title='bbox 771 3565 855 3648; x_wconf 88' lang='lat' dir='ltr'><strong>lapis</strong></span> <span class='ocrx_word' id='word_1_128' title='bbox 878 3581 983 3629; x_wconf 85' lang='lat' dir='ltr'><strong>caesus</strong></span> <span class='ocrx_word' id='word_1_129' title='bbox 1006 3569 1124 3628; x_wconf 87' lang='lat' dir='ltr'><strong>moute.</strong></span> 
     </span>
    </p>
   </div>
   <div class='ocr_carea' id='block_1_15' title="bbox 99 3749 1105 4149">
    <p class='ocr_par' dir='ltr' id='par_1_15' title="bbox 99 3749 1105 4149">
     <span class='ocr_line' id='line_1_25' title="bbox 99 3749 1105 3837; baseline 0.003 -23"><span class='ocrx_word' id='word_1_130' title='bbox 99 3749 198 3817; x_wconf 80' lang='lat' dir='ltr'><strong>Mater</strong></span> <span class='ocrx_word' id='word_1_131' title='bbox 220 3755 333 3821; x_wconf 83' lang='lat' dir='ltr'><strong>metris</strong></span> <span class='ocrx_word' id='word_1_132' title='bbox 358 3753 480 3819; x_wconf 79' lang='lat' dir='ltr'><strong>Christi</strong></span> <span class='ocrx_word' id='word_1_133' title='bbox 698 3757 717 3818; x_wconf 85' lang='lat'><strong>5</strong></span> <span class='ocrx_word' id='word_1_134' title='bbox 772 3753 865 3819; x_wconf 79' lang='lat' dir='ltr'>Ooelo</span> <span class='ocrx_word' id='word_1_135' title='bbox 883 3754 953 3837; x_wconf 87' lang='lat' dir='ltr'><strong>jam</strong></span> <span class='ocrx_word' id='word_1_136' title='bbox 976 3754 1105 3819; x_wconf 87' lang='lat' dir='ltr'><strong>sublata</strong></span> 
     </span>
     <span class='ocr_line' id='line_1_26' title="bbox 99 3856 1007 3924; baseline 0.007 -8"><span class='ocrx_word' id='word_1_137' title='bbox 99 3856 220 3923; x_wconf 77' lang='lat' dir='ltr'><strong>exhor</strong></span> <span class='ocrx_word' id='word_1_138' title='bbox 243 3856 362 3922; x_wconf 86' lang='lat' dir='ltr'><strong>mundo</strong></span> <span class='ocrx_word' id='word_1_139' title='bbox 385 3857 470 3922; x_wconf 88' lang='lat' dir='ltr'><strong>tristi</strong></span> <span class='ocrx_word' id='word_1_140' title='bbox 773 3859 887 3924; x_wconf 89' lang='lat' dir='ltr'><strong>mulier</strong></span> <span class='ocrx_word' id='word_1_141' title='bbox 909 3860 1007 3923; x_wconf 87' lang='lat' dir='ltr'><strong>beata</strong></span> 
     </span>
     <span class='ocr_line' id='line_1_27' title="bbox 100 3957 1073 4043; baseline 0.007 -25"><span class='ocrx_word' id='word_1_142' title='bbox 100 3957 235 4039; x_wconf 77' lang='lat' dir='ltr'><strong>migrans</strong></span> <span class='ocrx_word' id='word_1_143' title='bbox 259 3957 327 4023; x_wconf 86' lang='lat' dir='ltr'><strong>fide</strong></span> <span class='ocrx_word' id='word_1_144' title='bbox 349 3961 434 4024; x_wconf 86' lang='lat' dir='ltr'><strong>bona</strong></span> <span class='ocrx_word' id='word_1_145' title='bbox 726 4030 730 4043; x_wconf 76' lang='lat'><strong>.</strong></span> <span class='ocrx_word' id='word_1_146' title='bbox 773 3980 832 4025; x_wconf 89' lang='lat' dir='ltr'><strong>sua</strong></span> <span class='ocrx_word' id='word_1_147' title='bbox 855 3977 914 4024; x_wconf 90' lang='lat' dir='ltr'><strong>uos</strong></span> <span class='ocrx_word' id='word_1_148' title='bbox 935 3967 1073 4042; x_wconf 77' lang='lat' dir='ltr'><strong>precatu</strong></span> 
     </span>
     <span class='ocr_line' id='line_1_28' title="bbox 101 4061 1059 4149; baseline 0.006 -27"><span class='ocrx_word' id='word_1_149' title='bbox 101 4061 189 4125; x_wconf 84' lang='lat' dir='ltr'><strong>sumit</strong></span> <span class='ocrx_word' id='word_1_150' title='bbox 209 4063 288 4126; x_wconf 84' lang='lat' dir='ltr'><strong>vitae</strong></span> <span class='ocrx_word' id='word_1_151' title='bbox 312 4061 406 4126; x_wconf 76' lang='lat' dir='ltr'><strong>dona.</strong></span> <span class='ocrx_word' id='word_1_152' title='bbox 772 4071 893 4149; x_wconf 83' lang='lat' dir='ltr'><strong>purget</strong></span> <span class='ocrx_word' id='word_1_153' title='bbox 915 4083 935 4131; x_wconf 87' lang='lat' dir='ltr'><strong>a</strong></span> <span class='ocrx_word' id='word_1_154' title='bbox 957 4071 1059 4128; x_wconf 85' lang='lat' dir='ltr'><strong>reatu.</strong></span> 
     </span>
    </p>
   </div>
   <div class='ocr_carea' id='block_1_16' title="bbox 100 4246 1156 4652">
    <p class='ocr_par' dir='ltr' id='par_1_16' title="bbox 100 4246 1156 4652">
     <span class='ocr_line' id='line_1_29' title="bbox 100 4246 1098 4338; baseline 0.003 -24"><span class='ocrx_word' id='word_1_155' title='bbox 100 4246 222 4317; x_wconf 81' lang='lat' dir='ltr'><strong>Auram</strong></span> <span class='ocrx_word' id='word_1_156' title='bbox 244 4254 293 4319; x_wconf 83' lang='lat' dir='ltr'><strong>sie</strong></span> <span class='ocrx_word' id='word_1_157' title='bbox 315 4273 472 4338; x_wconf 84' lang='lat' dir='ltr'><strong>expresse</strong></span> <span class='ocrx_word' id='word_1_158' title='bbox 773 4253 872 4318; x_wconf 81' lang='lat' dir='ltr'><strong>&#39;irino</strong></span> <span class='ocrx_word' id='word_1_159' title='bbox 894 4253 965 4318; x_wconf 88' lang='lat' dir='ltr'><strong>laus</strong></span> <span class='ocrx_word' id='word_1_160' title='bbox 989 4261 1023 4317; x_wconf 89' lang='lat' dir='ltr'><strong>et</strong></span> <span class='ocrx_word' id='word_1_161' title='bbox 1043 4255 1098 4318; x_wconf 90' lang='lat' dir='ltr'><strong>uui</strong></span> 
     </span>
     <span class='ocr_line' id='line_1_30' title="bbox 101 4349 1098 4438; baseline 0.004 -24"><span class='ocrx_word' id='word_1_162' title='bbox 101 4349 176 4420; x_wconf 86' lang='lat' dir='ltr'><strong>fudit</strong></span> <span class='ocrx_word' id='word_1_163' title='bbox 197 4356 292 4422; x_wconf 85' lang='lat' dir='ltr'><strong>radix</strong></span> <span class='ocrx_word' id='word_1_164' title='bbox 314 4357 412 4423; x_wconf 84' lang='lat' dir='ltr'><strong>Jesse</strong></span> <span class='ocrx_word' id='word_1_165' title='bbox 680 4358 720 4421; x_wconf 84' lang='lat'><strong>10</strong></span> <span class='ocrx_word' id='word_1_166' title='bbox 775 4359 837 4423; x_wconf 85' lang='lat' dir='ltr'><strong>deo</strong></span> <span class='ocrx_word' id='word_1_167' title='bbox 861 4358 910 4421; x_wconf 88' lang='lat' dir='ltr'><strong>sit.</strong></span> <span class='ocrx_word' id='word_1_168' title='bbox 924 4358 1098 4438; x_wconf 78' lang='lat' dir='ltr'><strong>communi,</strong></span> 
     </span>
     <span class='ocr_line' id='line_1_31' title="bbox 102 4452 1156 4542; baseline 0.006 -24"><span class='ocrx_word' id='word_1_169' title='bbox 102 4463 134 4520; x_wconf 87' lang='lat' dir='ltr'><strong>ut</strong></span> <span class='ocrx_word' id='word_1_170' title='bbox 155 4452 203 4525; x_wconf 81' lang='lat' dir='ltr'><strong>sit&#39;</strong></span> <span class='ocrx_word' id='word_1_171' title='bbox 217 4467 322 4527; x_wconf 85' lang='lat' dir='ltr'><strong>mater</strong></span> <span class='ocrx_word' id='word_1_172' title='bbox 344 4463 456 4527; x_wconf 85' lang='lat' dir='ltr'><strong>matris</strong></span> <span class='ocrx_word' id='word_1_173' title='bbox 774 4481 845 4526; x_wconf 83' lang='lat' dir='ltr'><strong>oum</strong></span> <span class='ocrx_word' id='word_1_174' title='bbox 869 4479 932 4542; x_wconf 90' lang='lat' dir='ltr'><strong>quo</strong></span> <span class='ocrx_word' id='word_1_175' title='bbox 953 4461 1036 4523; x_wconf 89' lang='lat' dir='ltr'><strong>vivit</strong></span> <span class='ocrx_word' id='word_1_176' title='bbox 1056 4458 1156 4526; x_wconf 86' lang='lat' dir='ltr'><strong>Anna</strong></span> 
     </span>
     <span class='ocr_line' id='line_1_32' title="bbox 105 4563 1099 4652; baseline 0.006 -30"><span class='ocrx_word' id='word_1_177' title='bbox 105 4564 166 4625; x_wconf 88' lang='lat' dir='ltr'><strong>uati</strong></span> <span class='ocrx_word' id='word_1_178' title='bbox 188 4563 241 4628; x_wconf 87' lang='lat' dir='ltr'><strong>dei</strong></span> <span class='ocrx_word' id='word_1_179' title='bbox 264 4566 375 4649; x_wconf 80' lang='lat' dir='ltr'><strong>patris,</strong></span> <span class='ocrx_word' id='word_1_180' title='bbox 775 4565 868 4628; x_wconf 85' lang='lat' dir='ltr'><strong>simul</strong></span> <span class='ocrx_word' id='word_1_181' title='bbox 891 4583 962 4629; x_wconf 81' lang='lat' dir='ltr'><strong>oum</strong></span> <span class='ocrx_word' id='word_1_182' title='bbox 985 4563 1099 4652; x_wconf 81' lang='lat' dir='ltr'><strong>Maria.</strong></span> 
     </span>
    </p>
   </div>
   <div class='ocr_carea' id='block_1_17' title="bbox 185 4748 1400 4822">
    <p class='ocr_par' dir='ltr' id='par_1_17' title="bbox 185 4748 1400 4822">
     <span class='ocr_line' id='line_1_33' title="bbox 185 4748 1400 4822; baseline -0.001 -18"><span class='ocrx_word' id='word_1_183' title='bbox 185 4748 233 4804; x_wconf 82' lang='lat' dir='ltr'><strong>ils.</strong></span> <span class='ocrx_word' id='word_1_184' title='bbox 258 4750 307 4806; x_wconf 81' lang='lat' dir='ltr'><strong>des</strong></span> <span class='ocrx_word' id='word_1_185' title='bbox 334 4751 472 4822; x_wconf 83' lang='lat' dir='ltr'><strong>Lyceums</strong></span> <span class='ocrx_word' id='word_1_186' title='bbox 496 4765 531 4806; x_wconf 80' lang='lat' dir='ltr'><strong>uu</strong></span> <span class='ocrx_word' id='word_1_187' title='bbox 558 4748 721 4815; x_wconf 84' lang='lat' dir='ltr'><strong>Konstanz‚</strong></span> <span class='ocrx_word' id='word_1_188' title='bbox 754 4748 788 4806; x_wconf 78' lang='lat'><strong>15</strong></span> <span class='ocrx_word' id='word_1_189' title='bbox 807 4749 906 4806; x_wconf 79' lang='lat' dir='ltr'><strong>Jahrla</strong></span> <span class='ocrx_word' id='word_1_190' title='bbox 937 4751 1002 4818; x_wconf 79' lang='lat' dir='ltr'><strong>(A).</strong></span> <span class='ocrx_word' id='word_1_191' title='bbox 1025 4749 1168 4806; x_wconf 73' lang='lat' dir='ltr'><strong>Breviar.</strong></span> <span class='ocrx_word' id='word_1_192' title='bbox 1194 4748 1319 4820; x_wconf 82' lang='lat' dir='ltr'><strong>Moguut.</strong></span> <span class='ocrx_word' id='word_1_193' title='bbox 1350 4748 1400 4803; x_wconf 84' lang='lat' dir='ltr'><strong>des</strong></span> 
     </span>
    </p>
   </div>
   <div class='ocr_carea' id='block_1_18' title="bbox 0 0 1671 5316">
    <p class='ocr_par' dir='ltr' id='par_1_18' title="bbox 0 0 1671 5316">
     <span class='ocr_line' id='line_1_34' title="bbox 0 0 1671 5316; baseline 0 0"><span class='ocrx_word' id='word_1_194' title='bbox 0 0 1671 5316; x_wconf 95' lang='lat' dir='ltr'><strong> </strong></span> 
     </span>
    </p>
   </div>
  </div>
 </body>
</html>
