3294 5316
131 2297 132 2302 ’
269 2312 320 2369 ost
342 2305 418 2386 quia
441 2304 582 2387 virginei

537 712 646 788 1178.
676 711 721 783 Iu
743 710 850 783 natali
874 709 933 784 xl
956 709 1102 785 millium
1128 712 1312 810 virginum.

368 919 402 983 tn
424 913 792 998 connuncupatam.
1089 913 1269 998 antiplona.
1292 915 1429 982 notitiem

269 1053 372 1120 Latis
390 1071 543 1122 muamus
565 1053 701 1118 vocibus
947 1053 1060 1121 Oleum
1082 1059 1191 1120 exstat
1213 1052 1365 1134 effusum,
1444 1051 1450 1062 '

271 1164 322 1224 tot
343 1157 488 1241 paradisi
510 1157 661 1240 floribus,
946 1158 1093 1224 mirabile
1115 1141 1233 1222 nomen
1254 1164 1357 1240 tuum,
1541 1158 1582 1220 3⁰

271 1261 468 1344 virginitatis
490 1261 591 1325 lilium
864 1293 869 1302 ·
946 1259 1022 1330 hinc
1043 1269 1093 1328 tot
1115 1259 1370 1326 adolescentulas
1483 1305 1487 1312 -

270 1381 353 1446 qnos
374 1382 468 1430 rosas
492 1364 570 1429 iecit
592 1369 785 1448 martyrum,
946 1364 1132 1429 dilexerunt
1156 1370 1204 1445 to,
1227 1360 1364 1426 domine.

270 1483 404 1546 quarum
427 1485 526 1549 preco
550 1465 607 1548 da,
631 1464 776 1547 domine,
873 1467 892 1530 5

270 1575 306 1632 ut
327 1567 408 1633 flore
430 1569 596 1654 pudicitiae
945 1545 981 1612 Α.
1010 1543 1067 1612 Ad
1089 1545 1242 1611 nichilum
1263 1550 1314 1607 est
1338 1540 1502 1607 deductm

270 1689 349 1736 caro
371 1680 484 1737 nostra
506 1671 676 1754 refloreat,
1011 1647 1125 1714 harum
1148 1653 1328 1731 ⁰⁰⁰⁸P⁰⁰i¹¹
1350 1643 1536 1727 maligma

268 1793 311 1838 ne
329 1774 362 1840 in
384 1780 541 1840 aeternum
563 1753 687 1857 pereat,
998 1772 1086 1855 ⁸quac
1108 1770 1146 1816 se
1167 1750 1316 1817 fecerunt
1338 1748 1511 1814 columbas
1538 1749 1577 1812 35

1011 1863 1112 1923 oastae
1135 1855 1178 1920 ad
1201 1855 1361 1918 fenestras
1384 1870 1463 1915 suas

397 1966 619 2030 invitatorium.
646 1963 764 2046 ootipt.
1010 1958 1043 2021 in
1066 1956 1277 2020 foraminibus
1300 1959 1422 2038 petrae,

268 2095 409 2162 Auctori
430 2099 509 2162 vitae
1009 2060 1043 2124 in
1066 2077 1218 2124 caverna>
1240 2057 1390 2123 macerie.

269 2201 402 2285 psalmis
420 2198 593 2285 jubilando
616 2201 746 2284 venito,
853 2204 893 2268 10

980 2276 1233 2358 Responsoriom.
1255 2275 1365 2355 pusato
1386 2275 1546 2355 ipsorum
1589 2341 1591 2344 .

269 2409 349 2475 deus
371 2409 444 2495 ipse
467 2427 590 2476 corona
610 2410 696 2475 fidei.
944 2436 1050 2522 virgo
1072 2435 1194 2520 regalis
1217 2433 1351 2518 ursula,

943 2541 1035 2606 vultu
1057 2547 1091 2604 et
1112 2540 1218 2604 animo
1240 2537 1393 2622 pulchra,
1536 2541 1573 2604 tc

944 2651 1084 2728 tyranno
1108 2643 1234 2708 cuidam
1256 2643 1391 2725 placuit,

268 2735 373 2804 Secus
396 2737 552 2804 decursus
575 2737 738 2802 fluminum
879 2735 882 2744 ⁴
945 2744 999 2827 qui
1021 2745 1086 2809 late
1108 2750 1296 2828 praepotens
1319 2743 1395 2825 fuit3

269 2843 358 2907 stetit
380 2843 443 2907 lrcc
466 2862 600 2925 germen
622 2843 806 2925 virginum,
1621 2845 1622 2888 t

269 2943 356 3026 quod
379 2945 467 3008 nullo
490 2943 612 3010 cedens
633 2945 754 3012 turbini
851 2946 891 3008 15
1191 2923 1309 3032 mm·

267 3048 384 3112 mansit
405 3049 437 3112 in
459 3048 535 3130 lege
558 3048 685 3112 domini.
942 3044 1071 3108 mittens
1092 3060 1173 3125 ergo
1196 3048 1329 3126 nuptam
1351 3040 1488 3108 Christo
1621 3091 1622 3096 η

288 3218 469 3301 antiplona.
506 3223 616 3284 oontor
634 3220 676 3284 tto
694 3220 818 3303 poclm
840 3217 869 3288 ει
943 3165 1002 3213 ⁸¹¹⁰
1027 3150 1161 3232 p⁰t⁰b³t
1183 3145 1259 3210 5¹¹⁰·

429 3329 580 3406 timim
601 3342 720 3391 oorttm.
942 3337 978 3402 li.
1007 3294 1161 3419 Tyranni
1174 3334 1266 3400 donis
1289 3354 1329 3399 ac
1351 3335 1446 3399 minis
1533 3339 1573 3400 45

268 3456 347 3526 Flos
370 3458 460 3522 fulsit
482 3480 524 3523 ex
546 3457 727 3543 Britannia,
802 3445 806 3454 ’
1006 3447 1101 3523 palei
1122 3439 1269 3522 pulsatus
1292 3438 1429 3520 Virginis

266 3559 385 3626 Ursula
408 3563 512 3646 stirpe
532 3565 641 3646 regia,
1007 3542 1160 3624 precibus
1182 3542 1267 3624 fugit
1288 3541 1405 3604 infimis

267 3665 396 3732 auctrix
417 3665 541 3731 fructus
564 3667 719 3750 virginei,
1009 3644 1052 3709 ad
1073 3651 1195 3708 turrem
1217 3643 1431 3724 fortitudinis,

266 3768 450 3852 Pfaedifflfls
473 3779 674 3856 pracceptum
698 3772 824 3838 mini·
848 3775 890 3839 ²0
948 3787 979 3854 V.
1007 3787 1083 3850 lrinc
1105 3783 1278 3849 discrimen
1302 3781 1468 3858 ecclcsiae,

1004 3889 1079 3954 hinc
1101 3890 1228 3973 lapsum
1250 3887 1365 3951 timens
1388 3883 1478 3949 filiae.
1531 3886 1569 3948 5⁰

1316 3987 1485 4056 Precibus.

413 2603 447 2667 in
468 2601 490 2668 i
508 2605 669 2668 nocturno.
691 2605 755 2668 ont.

265 3925 336 3992 Ant.
360 3923 515 4008 Signainr
538 3928 718 4012 superbas
742 3930 843 4013 digno

331 4027 388 4090 lux
407 4029 516 4092 vultus
539 4031 600 4113 tui,
625 4028 768 4113 dominc,

332 4149 412 4213 (1⁰⁸³
436 4140 592 4216 tyrannus
615 4137 810 4218 ⁰⁰lleg⁰fflir
942 4157 978 4223 li.
1009 4154 1142 4221 Solatur
1163 4161 1290 4238 patrem
1312 4149 1447 4232 Ursula,

331 4240 366 4298 ut
388 4254 449 4318 per
472 4243 521 4301 ⁶⁰⁶
543 4257 638 4303 unam
662 4238 797 4302 auferat·
1007 4260 1062 4324 dei
1083 4276 1220 4322 narrans
1243 4256 1392 4338 oracula,

1005 4363 1112 4447 jussa,
1135 4382 1176 4425 no
1199 4363 1326 4426 hostem
1352 4357 1516 4439 confutet,

265 4387 302 4454 Α.
323 4385 468 4455 Auribus
490 4392 641 4475 percepit
663 4381 758 4475 deus,
848 4397 889 4458 25
1213 4465 1220 4478 ,
1271 4465 1278 4478 ,

1007 4474 1043 4531 ut
1065 4485 1124 4550 spo
1147 4484 1334 4550 conjugium
1357 4468 1473 4543 mutet,

331 4493 406 4594 (lum
429 4497 547 4562 clamat
569 4516 652 4579 grex
675 4499 855 4586 virgineus,

332 4602 365 4660 et
389 4603 451 4660 tam
475 4594 625 4663 Ursulam
647 4603 807 4685 servavit,
863 4617 865 4624 “
946 4605 978 4672 l’.
1008 4602 1207 4668 demandans
1230 4602 1323 4685 quasi
1344 4618 1406 4685 pro
1428 4598 1506 4664 (loto
1525 4599 1569 4662 55

331 4716 426 4779 quam
449 4719 510 4783 per
533 4701 618 4767 lranc
639 4703 713 4768 illas
735 4706 875 4772 vocavit
1006 4709 1094 4773 huno
1112 4709 1199 4773 ablui
1211 4707 1417 4792 baptismate.
1441 4699 1486 4768 Ut
1496 4721 1569 4785 spe.
