3308 5310
485 333 496 368 9

102 525 288 609 Sapphirus
311 524 412 589 habet
434 522 576 606 speciem

101 629 227 695 coelesti
250 629 367 694 throno
389 627 541 708 similem,
583 631 585 636 '

101 731 252 814 designat
275 750 333 797 cor
355 728 546 814 simplicium
685 729 725 792 15

99 855 192 920 spem
215 843 338 902 certam
359 831 633 918 praestolantium,

100 957 237 1022 quorum
259 937 504 1021 vita'operihus

99 1042 282 1109 delectatur
306 1048 339 1106 et
359 1041 512 1106 moribus.

98 1253 339 1324 Chalcedonius
361 1251 516 1336 pallidam

96 1362 181 1446 ignis
203 1354 308 1424 habet
327 1345 486 1440 effigiem,
683 1351 724 1414 20

98 1463 271 1530 subrutilat
293 1462 325 1524 in
347 1459 494 1543 publico,

98 1569 259 1650 fulgorem
282 1564 393 1628 datin
416 1561 541 1643 nubilo,

97 1672 250 1735 virtutem
272 1669 337 1732 fert
358 1665 502 1731 fidelium

98 1765 227 1840 occulto
250 1771 479 1836 famulantium.

98 1985 299 2069 smaragdus
317 1985 428 2049 virens
447 1982 577 2046 nimium
682 1979 723 2041 25

98 2089 153 2154 dat
174 2089 284 2152 lumen
307 2086 507 2169 oleaginum,

98 2199 147 2255 est
169 2188 254 2253 fides
277 2187 486 2270 integerrima

98 2291 140 2356 ad
163 2309 258 2356 omne
281 2292 400 2354 honum
422 2288 550 2371 patula,

98 2397 170 2477 quac
194 2410 356 2474 nunquam
379 2390 439 2454 scit
462 2388 603 2455 deficere

98 2518 117 2561 a
137 2494 272 2579 pictatis
295 2510 405 2575 opere.
681 2490 723 2554 30

96 2710 274 2793 Sardonyx
296 2716 465 2790 constans,
489 2707 638 2790 tricolor,

95 2817 193 2882 homo
216 2815 322 2879 iertur
344 2814 496 2894 interior,

96 2939 191 3003 quem
215 2917 366 3000 denigrat
388 2916 566 2998 humilitas,

94 3025 127 3087 iu
149 3039 214 3105 quo
238 3021 376 3085 albescit
398 3019 534 3101 caritas,

97 3123 138 3188 ad
162 3121 343 3187 honestatis
365 3120 524 3185 cumulum
681 3118 722 3181 35

96 3230 194 3292 rubet
216 3243 345 3308 qnoque
366 3224 563 3306 martyrium.

95 3460 235 3527 Sardins
259 3468 310 3526 est
331 3461 503 3544 puniceus,

94 3567 189 3653 cujus
214 3564 306 3630 color
328 3559 526 3646 sanguineus

94 3674 240 3735 ostentat
263 3675 296 3732 ει
317 3668 507 3751 martyrium

93 3776 156 3838 rite
180 3772 441 3855 agonizantium
681 3771 724 3836 40

95 3884 209 3940 sextus
233 3883 283 3939 est
305 3876 338 3938 in
361 3875 527 3957 catalogo,

95 3980 204 4045 crucis
227 3979 332 4043 haeret
354 3980 520 4062 mysterio.

95 4211 275 4278 Auricolor
297 4210 517 4294 chrysolithus

94 4315 252 4380 scintillat
273 4316 365 4379 velut
388 4315 549 4396 clibanus,

95 4416 272 4502 praetendit
295 4435 402 4482 moros
426 4418 587 4484 hominum
682 4419 722 4481 45

95 4520 245 4604 perfecte
268 4520 477 4605 sapientium,

95 4625 150 4706 qui
171 4624 371 4707 septiformis
395 4626 511 4707 gratiae

96 4745 192 4792 sacro
215 4727 448 4812 splendescunt
465 4729 593 4814 jubare.

779 523 930 608 Beryllus
955 533 1006 591 est
1028 526 1260 612 lymphaticus,

779 633 814 692 ut
837 627 888 691 sol
909 628 942 691 iu
965 648 1050 711 aqua
1072 629 1237 714 limpidus,
1274 637 1276 644 ’
1361 634 1402 698 50

779 727 900 813 figurat
925 738 1000 795 vota
1022 733 1173 797 mentium

778 832 911 914 ingenio
934 833 1115 916 sagacium,

778 931 850 1015 quis
872 933 977 1016 magis
1000 934 1090 1000 lubet
1111 953 1239 1001 sumere

777 1035 924 1120 pulchrae
947 1038 1064 1119 quietis
1087 1039 1194 1105 otium.

778 1251 940 1338 'lopezius
964 1272 1028 1337 quo
1048 1257 1153 1322 rarior
1360 1263 1401 1323 ιι

777 1376 818 1422 ec
841 1366 891 1423 est
913 1361 1106 1444 pretiosior,

778 1463 884 1529 nitore
904 1467 1001 1531 rubet
1023 1467 1134 1548 griseo

778 1572 811 1629 ει
830 1573 965 1649 aspectu
988 1567 1133 1632 aethereo

778 1671 1039 1754 contemplativae
1063 1670 1199 1736 solidum

776 1775 853 1838 vitae
875 1785 1033 1842 monstrat
1056 1776 1205 1843 cilicium.

776 1989 1025 2076 Chrysoprasus
1048 2012 1230 2080 purpureus

776 2096 939 2161 auricolor
962 2105 995 2162 et
1012 2097 1194 2181 flammeus,

776 2198 869 2281 cujus
893 2198 1048 2282 splendor
1065 2199 1099 2264 iu
1122 2200 1265 2265 tenebris

713 2381 716 2388 ,
774 2299 921 2364 flammas
944 2301 1073 2365 evibrat
1095 2301 1214 2384 oculis,

774 2401 849 2468 haec
871 2410 923 2466 est
944 2403 1092 2487 perfecta
1110 2404 1245 2487 caritas,

777 2523 872 2586 quam
895 2505 983 2570 nulla
1006 2507 1122 2572 sternit
1144 2505 1266 2571 feritas.

775 2717 978 2802 Hyacinthus
1001 2724 1051 2780 cst
1074 2719 1248 2801 oaeruleus,
1348 2703 1350 2708 ¹

776 2823 886 2887 virore
908 2819 1136 2903 medioximus,

776 2925 869 3008 cujus
892 2924 1013 2991 decora
1035 2925 1135 2992 facies

720 3023 723 3028 ’
775 3037 916 3093 mutatur
937 3037 973 3093 ut
995 3031 1186 3114 temperies3

775 3133 875 3208 vitam
898 3135 1006 3215 signat
1028 3135 1209 3217 angelicam

778 3234 971 3302 discretione
994 3237 1173 3320 praeditam.

776 3463 989 3548 Amethystus
1012 3465 1197 3547 praecipuus

777 3569 887 3633 colore
910 3567 1093 3649 violaceus,

775 3671 920 3738 flammas
943 3672 1057 3736 emittit
1080 3691 1197 3737 aureas

775 3777 967 3860 notulasque
989 3794 1191 3861 purpureas,

776 3879 950 3964 praetendit
972 3899 1030 3945 cor
1052 3879 1217 3945 humilium

776 3978 907 4046 Christo
930 3983 1211 4047 commorientium.

775 4212 817 4277 lli
839 4213 974 4296 pretiosi
996 4213 1122 4296 lapides

776 4315 923 4380 carnales
947 4315 1076 4396 signant
1098 4315 1260 4396 homines,

776 4415 920 4481 colorum
943 4424 993 4480 est
1015 4418 1180 4499 varietas,

775 4521 928 4610 uirtutum
950 4520 1183 4604 multipliciter,

776 4623 966 4704 quicumque
989 4621 1039 4684 his
1058 4621 1219 4702 floruerit,

778 4725 920 4792 concivis
944 4744 1018 4790 esse
1040 4726 1169 4808 poterit.
