<?xml version="1.0" encoding="UTF-8"?>
<!DOCTYPE html PUBLIC "-//W3C//DTD XHTML 1.0 Transitional//EN"
    "http://www.w3.org/TR/xhtml1/DTD/xhtml1-transitional.dtd">
<html xmlns="http://www.w3.org/1999/xhtml" xml:lang="en" lang="en">
 <head>
  <title>
</title>
<meta http-equiv="Content-Type" content="text/html;charset=utf-8" />
  <meta name='ocr-system' content='tesseract 3.04.00' />
  <meta name='ocr-capabilities' content='ocr_page ocr_carea ocr_par ocr_line ocrx_word'/>
</head>
<body>
  <div class='ocr_page' id='page_1' title='image "./lateinischehymn02monegoog/lateinischehymn02monegoog_0274.png"; bbox 0 0 3310 5316; ppageno 0'>
   <div class='ocr_carea' id='block_1_1' title="bbox 200 329 269 407">
    <p class='ocr_par' dir='ltr' id='par_1_1' title="bbox 200 329 269 407">
     <span class='ocr_line' id='line_1_1' title="bbox 200 329 269 407; baseline 0 0"><span class='ocrx_word' id='word_1_1' title='bbox 200 329 269 407; x_wconf 70' lang='lat' dir='ltr'><strong>tta</strong></span> 
     </span>
    </p>
   </div>
   <div class='ocr_carea' id='block_1_2' title="bbox 203 514 831 1128">
    <p class='ocr_par' dir='ltr' id='par_1_2' title="bbox 204 514 745 608">
     <span class='ocr_line' id='line_1_2' title="bbox 204 514 745 608; baseline -0.024 -13"><span class='ocrx_word' id='word_1_2' title='bbox 204 525 267 606; x_wconf 81' lang='lat' dir='ltr'><strong>cui</strong></span> <span class='ocrx_word' id='word_1_3' title='bbox 289 522 470 608; x_wconf 87' lang='lat' dir='ltr'><strong>inplumens</strong></span> <span class='ocrx_word' id='word_1_4' title='bbox 492 518 557 582; x_wconf 91' lang='lat' dir='ltr'><strong>heu</strong></span> <span class='ocrx_word' id='word_1_5' title='bbox 579 514 745 600; x_wconf 81' lang='lat' dir='ltr'>deplumat</span> 
     </span>
    </p>

    <p class='ocr_par' dir='ltr' id='par_1_3' title="bbox 203 622 640 816">
     <span class='ocr_line' id='line_1_3' title="bbox 203 622 640 712; baseline -0.021 -17"><span class='ocrx_word' id='word_1_6' title='bbox 203 636 301 712; x_wconf 86' lang='lat' dir='ltr'><strong>atque</strong></span> <span class='ocrx_word' id='word_1_7' title='bbox 324 626 447 692; x_wconf 79' lang='lat' dir='ltr'>rabiem</span> <span class='ocrx_word' id='word_1_8' title='bbox 470 622 640 704; x_wconf 80' lang='lat' dir='ltr'><strong>despumat</strong></span> 
     </span>
     <span class='ocr_line' id='line_1_4' title="bbox 246 724 623 816; baseline -0.019 -21"><span class='ocrx_word' id='word_1_9' title='bbox 246 727 461 816; x_wconf 88' lang='lat' dir='ltr'><strong>opprimendo</strong></span> <span class='ocrx_word' id='word_1_10' title='bbox 484 724 623 806; x_wconf 79' lang='lat' dir='ltr'><strong>debiles,</strong></span> 
     </span>
    </p>

    <p class='ocr_par' dir='ltr' id='par_1_4' title="bbox 203 824 831 916">
     <span class='ocr_line' id='line_1_5' title="bbox 203 824 831 916; baseline -0.024 -15"><span class='ocrx_word' id='word_1_11' title='bbox 203 833 297 916; x_wconf 89' lang='lat' dir='ltr'><strong>cujus</strong></span> <span class='ocrx_word' id='word_1_12' title='bbox 320 829 496 914; x_wconf 80' lang='lat' dir='ltr'><strong>gaudiosos</strong></span> <span class='ocrx_word' id='word_1_13' title='bbox 520 833 632 892; x_wconf 87' lang='lat' dir='ltr'><strong>cantus</strong></span> <span class='ocrx_word' id='word_1_14' title='bbox 790 824 831 886; x_wconf 72' lang='lat'><strong>70</strong></span> 
     </span>
    </p>

    <p class='ocr_par' dir='ltr' id='par_1_5' title="bbox 204 930 691 1128">
     <span class='ocr_line' id='line_1_6' title="bbox 204 930 691 1016; baseline -0.016 -14"><span class='ocrx_word' id='word_1_15' title='bbox 204 935 321 1002; x_wconf 86' lang='lat' dir='ltr'><strong>aeterni</strong></span> <span class='ocrx_word' id='word_1_16' title='bbox 345 939 523 1016; x_wconf 85' lang='lat' dir='ltr'><strong>sequuntur</strong></span> <span class='ocrx_word' id='word_1_17' title='bbox 540 930 691 1016; x_wconf 81' lang='lat' dir='ltr'><strong>planctus</strong></span> 
     </span>
     <span class='ocr_line' id='line_1_7' title="bbox 249 1036 592 1128; baseline -0.023 -22"><span class='ocrx_word' id='word_1_18' title='bbox 249 1048 381 1128; x_wconf 87' lang='lat' dir='ltr'><strong>atroces</strong></span> <span class='ocrx_word' id='word_1_19' title='bbox 402 1045 436 1104; x_wconf 92' lang='lat' dir='ltr'><strong>et</strong></span> <span class='ocrx_word' id='word_1_20' title='bbox 457 1036 592 1105; x_wconf 86' lang='lat' dir='ltr'><strong>flebiles.</strong></span> 
     </span>
    </p>
   </div>
   <div class='ocr_carea' id='block_1_3' title="bbox 205 1247 832 1842">
    <p class='ocr_par' dir='ltr' id='par_1_6' title="bbox 205 1247 832 1842">
     <span class='ocr_line' id='line_1_8' title="bbox 205 1247 635 1335; baseline -0.014 -19"><span class='ocrx_word' id='word_1_21' title='bbox 205 1247 275 1316; x_wconf 86' lang='lat' dir='ltr'><strong>Sed</strong></span> <span class='ocrx_word' id='word_1_22' title='bbox 298 1248 471 1335; x_wconf 85' lang='lat' dir='ltr'><strong>prudentia</strong></span> <span class='ocrx_word' id='word_1_23' title='bbox 493 1265 635 1331; x_wconf 85' lang='lat' dir='ltr'><strong>superna</strong></span> 
     </span>
     <span class='ocr_line' id='line_1_9' title="bbox 206 1351 703 1436; baseline -0.012 -18"><span class='ocrx_word' id='word_1_24' title='bbox 206 1352 421 1436; x_wconf 73' lang='lat' dir='ltr'><strong>praevidebat,</strong></span> <span class='ocrx_word' id='word_1_25' title='bbox 443 1357 479 1416; x_wconf 85' lang='lat' dir='ltr'><strong>ut</strong></span> <span class='ocrx_word' id='word_1_26' title='bbox 499 1351 634 1433; x_wconf 81' lang='lat' dir='ltr'><strong>lucerna</strong></span> <span class='ocrx_word' id='word_1_27' title='bbox 701 1407 703 1412; x_wconf 79' lang='grc'>,</span> 
     </span>
     <span class='ocr_line' id='line_1_10' title="bbox 251 1451 832 1535; baseline -0.009 -16"><span class='ocrx_word' id='word_1_28' title='bbox 251 1461 384 1520; x_wconf 73' lang='lat' dir='ltr'><strong>astares</strong></span> <span class='ocrx_word' id='word_1_29' title='bbox 406 1453 440 1516; x_wconf 88' lang='lat' dir='ltr'><strong>in</strong></span> <span class='ocrx_word' id='word_1_30' title='bbox 462 1451 609 1535; x_wconf 65' lang='lat' dir='ltr'><strong>patule·</strong></span> <span class='ocrx_word' id='word_1_31' title='bbox 791 1452 832 1514; x_wconf 80' lang='lat' dir='ltr'><strong>ts</strong></span> 
     </span>
     <span class='ocr_line' id='line_1_11' title="bbox 206 1551 644 1640; baseline -0.005 -21"><span class='ocrx_word' id='word_1_32' title='bbox 206 1556 240 1619; x_wconf 89' lang='lat' dir='ltr'><strong>in</strong></span> <span class='ocrx_word' id='word_1_33' title='bbox 263 1571 414 1640; x_wconf 88' lang='lat' dir='ltr'><strong>supremo</strong></span> <span class='ocrx_word' id='word_1_34' title='bbox 435 1551 644 1638; x_wconf 73' lang='lat' dir='ltr'><strong>praesulatus,</strong></span> 
     </span>
     <span class='ocr_line' id='line_1_12' title="bbox 206 1653 649 1742; baseline -0.016 -19"><span class='ocrx_word' id='word_1_35' title='bbox 206 1673 343 1742; x_wconf 78' lang='lat' dir='ltr'><strong>gregem</strong></span> <span class='ocrx_word' id='word_1_36' title='bbox 366 1655 438 1738; x_wconf 60' lang='lat' dir='ltr'><strong>cius</strong></span> <span class='ocrx_word' id='word_1_37' title='bbox 459 1653 649 1722; x_wconf 84' lang='lat' dir='ltr'><strong>sublimatus</strong></span> 
     </span>
     <span class='ocr_line' id='line_1_13' title="bbox 249 1755 627 1842; baseline -0.011 -19"><span class='ocrx_word' id='word_1_38' title='bbox 249 1777 386 1842; x_wconf 76' lang='lat' dir='ltr'><strong>regeres</strong></span> <span class='ocrx_word' id='word_1_39' title='bbox 406 1775 479 1822; x_wconf 88' lang='lat' dir='ltr'><strong>cum</strong></span> <span class='ocrx_word' id='word_1_40' title='bbox 502 1755 627 1826; x_wconf 78' lang='lat' dir='ltr'><strong>baculo.</strong></span> 
     </span>
    </p>
   </div>
   <div class='ocr_carea' id='block_1_4' title="bbox 156 1973 831 2584">
    <p class='ocr_par' dir='ltr' id='par_1_7' title="bbox 207 1973 697 2058">
     <span class='ocr_line' id='line_1_14' title="bbox 207 1973 697 2058; baseline -0.01 -16"><span class='ocrx_word' id='word_1_41' title='bbox 207 1977 332 2042; x_wconf 89' lang='lat' dir='ltr'><strong>Pravos</strong></span> <span class='ocrx_word' id='word_1_42' title='bbox 356 1976 482 2040; x_wconf 88' lang='lat' dir='ltr'><strong>stimulo</strong></span> <span class='ocrx_word' id='word_1_43' title='bbox 505 1973 697 2058; x_wconf 87' lang='lat' dir='ltr'><strong>pungendo,</strong></span> 
     </span>
    </p>

    <p class='ocr_par' dir='ltr' id='par_1_8' title="bbox 207 2069 831 2264">
     <span class='ocr_line' id='line_1_15' title="bbox 207 2069 831 2170; baseline -0.011 -24"><span class='ocrx_word' id='word_1_44' title='bbox 207 2097 292 2146; x_wconf 88' lang='lat' dir='ltr'><strong>unco</strong></span> <span class='ocrx_word' id='word_1_45' title='bbox 315 2082 421 2145; x_wconf 89' lang='lat' dir='ltr'><strong>bonos</strong></span> <span class='ocrx_word' id='word_1_46' title='bbox 443 2077 653 2160; x_wconf 84' lang='lat' dir='ltr'><strong>attrahendo,</strong></span> <span class='ocrx_word' id='word_1_47' title='bbox 789 2069 831 2170; x_wconf 70' lang='lat' dir='ltr'><strong>dd</strong></span> 
     </span>
     <span class='ocr_line' id='line_1_16' title="bbox 254 2178 712 2264; baseline -0.009 -19"><span class='ocrx_word' id='word_1_48' title='bbox 254 2181 415 2264; x_wconf 72' lang='lat' dir='ltr'><strong>quaeest</strong></span> <span class='ocrx_word' id='word_1_49' title='bbox 435 2180 481 2264; x_wconf 88' lang='lat' dir='ltr'><strong>pli</strong></span> <span class='ocrx_word' id='word_1_50' title='bbox 502 2178 653 2264; x_wconf 89' lang='lat' dir='ltr'><strong>praesidis</strong></span> <span class='ocrx_word' id='word_1_51' title='bbox 660 2197 669 2260; x_wconf 85' lang='lat'>3</span> <span class='ocrx_word' id='word_1_52' title='bbox 708 2197 712 2204; x_wconf 76' lang='grc'><strong>’</strong></span> 
     </span>
    </p>

    <p class='ocr_par' dir='ltr' id='par_1_9' title="bbox 156 2271 782 2474">
     <span class='ocr_line' id='line_1_17' title="bbox 156 2271 782 2368; baseline -0.01 -18"><span class='ocrx_word' id='word_1_53' title='bbox 156 2291 159 2296; x_wconf 87' lang='grc'><strong>’</strong></span> <span class='ocrx_word' id='word_1_54' title='bbox 206 2284 295 2368; x_wconf 81' lang='lat' dir='ltr'><strong>quod</strong></span> <span class='ocrx_word' id='word_1_55' title='bbox 318 2285 454 2350; x_wconf 87' lang='lat' dir='ltr'><strong>ubertim</strong></span> <span class='ocrx_word' id='word_1_56' title='bbox 476 2283 643 2368; x_wconf 76' lang='lat' dir='ltr'><strong>perfecisti</strong></span> <span class='ocrx_word' id='word_1_57' title='bbox 779 2271 782 2276; x_wconf 45' lang='lat'>¹</span> 
     </span>
     <span class='ocr_line' id='line_1_18' title="bbox 208 2387 663 2474; baseline -0.004 -20"><span class='ocrx_word' id='word_1_58' title='bbox 208 2395 245 2454; x_wconf 86' lang='lat' dir='ltr'><strong>ut</strong></span> <span class='ocrx_word' id='word_1_59' title='bbox 267 2387 372 2452; x_wconf 87' lang='lat' dir='ltr'><strong>fidelis</strong></span> <span class='ocrx_word' id='word_1_60' title='bbox 391 2405 505 2453; x_wconf 88' lang='lat' dir='ltr'><strong>servus</strong></span> <span class='ocrx_word' id='word_1_61' title='bbox 526 2387 663 2474; x_wconf 77' lang='lat' dir='ltr'><strong>Christi,</strong></span> 
     </span>
    </p>

    <p class='ocr_par' dir='ltr' id='par_1_10' title="bbox 252 2484 754 2584">
     <span class='ocr_line' id='line_1_19' title="bbox 252 2484 754 2584; baseline -0.006 -28"><span class='ocrx_word' id='word_1_62' title='bbox 252 2511 383 2577; x_wconf 84' lang='lat' dir='ltr'><strong>poenam</strong></span> <span class='ocrx_word' id='word_1_63' title='bbox 403 2492 511 2556; x_wconf 87' lang='lat' dir='ltr'><strong>vitans</strong></span> <span class='ocrx_word' id='word_1_64' title='bbox 534 2490 663 2584; x_wconf 81' lang='lat' dir='ltr'><strong>desidis.</strong></span> <span class='ocrx_word' id='word_1_65' title='bbox 716 2484 754 2572; x_wconf 85' lang='grc' dir='ltr'><strong>’ </strong></span> 
     </span>
    </p>
   </div>
   <div class='ocr_carea' id='block_1_5' title="bbox 210 2709 835 3310">
    <p class='ocr_par' dir='ltr' id='par_1_11' title="bbox 210 2709 835 3310">
     <span class='ocr_line' id='line_1_20' title="bbox 210 2709 835 2796; baseline 0 -20"><span class='ocrx_word' id='word_1_66' title='bbox 210 2709 303 2776; x_wconf 87' lang='lat' dir='ltr'><strong>Voce</strong></span> <span class='ocrx_word' id='word_1_67' title='bbox 326 2710 434 2796; x_wconf 87' lang='lat' dir='ltr'><strong>cerdis</strong></span> <span class='ocrx_word' id='word_1_68' title='bbox 457 2729 518 2776; x_wconf 90' lang='lat' dir='ltr'><strong>uec</strong></span> <span class='ocrx_word' id='word_1_69' title='bbox 540 2728 605 2774; x_wconf 89' lang='lat' dir='ltr'><strong>non</strong></span> <span class='ocrx_word' id='word_1_70' title='bbox 622 2711 693 2774; x_wconf 68' lang='lat' dir='ltr'><strong>,cris</strong></span> <span class='ocrx_word' id='word_1_71' title='bbox 793 2712 835 2778; x_wconf 82' lang='lat'><strong>85</strong></span> 
     </span>
     <span class='ocr_line' id='line_1_21' title="bbox 212 2813 655 2898; baseline -0.014 -14"><span class='ocrx_word' id='word_1_72' title='bbox 212 2813 309 2884; x_wconf 87' lang='lat' dir='ltr'><strong>deum</strong></span> <span class='ocrx_word' id='word_1_73' title='bbox 331 2833 407 2879; x_wconf 91' lang='lat' dir='ltr'><strong>cras</strong></span> <span class='ocrx_word' id='word_1_74' title='bbox 428 2815 542 2898; x_wconf 88' lang='lat' dir='ltr'><strong>paucis</strong></span> <span class='ocrx_word' id='word_1_75' title='bbox 563 2813 655 2878; x_wconf 88' lang='lat' dir='ltr'><strong>horis</strong></span> 
     </span>
     <span class='ocr_line' id='line_1_22' title="bbox 254 2918 649 3002; baseline -0.005 -18"><span class='ocrx_word' id='word_1_76' title='bbox 254 2937 371 3001; x_wconf 84' lang='lat' dir='ltr'><strong>aquam</strong></span> <span class='ocrx_word' id='word_1_77' title='bbox 392 2918 500 2982; x_wconf 83' lang='lat' dir='ltr'><strong>vivam</strong></span> <span class='ocrx_word' id='word_1_78' title='bbox 523 2918 649 3002; x_wconf 87' lang='lat' dir='ltr'><strong>sitiens,</strong></span> 
     </span>
     <span class='ocr_line' id='line_1_23' title="bbox 212 3019 652 3104; baseline -0.002 -18"><span class='ocrx_word' id='word_1_79' title='bbox 212 3027 245 3086; x_wconf 84' lang='lat' dir='ltr'><strong>te</strong></span> <span class='ocrx_word' id='word_1_80' title='bbox 268 3021 492 3104; x_wconf 87' lang='lat' dir='ltr'><strong>cunctipotens</strong></span> <span class='ocrx_word' id='word_1_81' title='bbox 514 3019 652 3104; x_wconf 85' lang='lat' dir='ltr'><strong>audivit,</strong></span> 
     </span>
     <span class='ocr_line' id='line_1_24' title="bbox 211 3123 692 3190; baseline 0 -2"><span class='ocrx_word' id='word_1_82' title='bbox 211 3123 286 3188; x_wconf 83' lang='lat' dir='ltr'><strong>lons</strong></span> <span class='ocrx_word' id='word_1_83' title='bbox 309 3143 328 3188; x_wconf 86' lang='lat' dir='ltr'><strong>a</strong></span> <span class='ocrx_word' id='word_1_84' title='bbox 350 3132 440 3189; x_wconf 89' lang='lat' dir='ltr'><strong>terra</strong></span> <span class='ocrx_word' id='word_1_85' title='bbox 462 3125 629 3190; x_wconf 78' lang='lat' dir='ltr'><strong>scaturivit</strong></span> <span class='ocrx_word' id='word_1_86' title='bbox 689 3173 692 3180; x_wconf 87' lang='lat'>.</span> 
     </span>
     <span class='ocr_line' id='line_1_25' title="bbox 254 3225 596 3310; baseline -0.003 -19"><span class='ocrx_word' id='word_1_87' title='bbox 254 3226 400 3310; x_wconf 83' lang='lat' dir='ltr'><strong>plurimis</strong></span> <span class='ocrx_word' id='word_1_88' title='bbox 423 3225 596 3294; x_wconf 85' lang='lat' dir='ltr'><strong>sufficiens.</strong></span> 
     </span>
    </p>
   </div>
   <div class='ocr_carea' id='block_1_6' title="bbox 207 3441 834 4044">
    <p class='ocr_par' dir='ltr' id='par_1_12' title="bbox 209 3441 659 3525">
     <span class='ocr_line' id='line_1_26' title="bbox 209 3441 659 3525; baseline -0.011 -12"><span class='ocrx_word' id='word_1_89' title='bbox 209 3441 336 3519; x_wconf 81' lang='lat' dir='ltr'><strong>Bonum</strong></span> <span class='ocrx_word' id='word_1_90' title='bbox 356 3444 390 3510; x_wconf 92' lang='lat' dir='ltr'><strong>in</strong></span> <span class='ocrx_word' id='word_1_91' title='bbox 412 3445 509 3510; x_wconf 87' lang='lat' dir='ltr'><strong>terris</strong></span> <span class='ocrx_word' id='word_1_92' title='bbox 532 3444 659 3525; x_wconf 83' lang='lat' dir='ltr'><strong>sevisti,</strong></span> 
     </span>
    </p>

    <p class='ocr_par' dir='ltr' id='par_1_13' title="bbox 210 3545 728 3734">
     <span class='ocr_line' id='line_1_27' title="bbox 210 3545 728 3631; baseline -0.002 -18"><span class='ocrx_word' id='word_1_93' title='bbox 210 3547 298 3631; x_wconf 87' lang='lat' dir='ltr'><strong>quod</strong></span> <span class='ocrx_word' id='word_1_94' title='bbox 318 3548 353 3614; x_wconf 86' lang='lat' dir='ltr'><strong>in</strong></span> <span class='ocrx_word' id='word_1_95' title='bbox 372 3549 467 3614; x_wconf 84' lang='lat' dir='ltr'><strong>ecelis</strong></span> <span class='ocrx_word' id='word_1_96' title='bbox 490 3549 653 3614; x_wconf 83' lang='lat' dir='ltr'><strong>messuisti</strong></span> <span class='ocrx_word' id='word_1_97' title='bbox 684 3583 686 3589; x_wconf 63' lang='lat'>=</span> <span class='ocrx_word' id='word_1_98' title='bbox 724 3545 728 3552; x_wconf 84' lang='grc'><strong>’</strong></span> 
     </span>
     <span class='ocr_line' id='line_1_28' title="bbox 252 3650 615 3734; baseline 0.006 -20"><span class='ocrx_word' id='word_1_99' title='bbox 252 3650 410 3717; x_wconf 82' lang='lat' dir='ltr'><strong>fructibus</strong></span> <span class='ocrx_word' id='word_1_100' title='bbox 431 3653 615 3734; x_wconf 79' lang='lat' dir='ltr'><strong>uberrimis5</strong></span> 
     </span>
    </p>

    <p class='ocr_par' dir='ltr' id='par_1_14' title="bbox 207 3754 658 3838">
     <span class='ocr_line' id='line_1_29' title="bbox 207 3754 658 3838; baseline 0.004 -22"><span class='ocrx_word' id='word_1_101' title='bbox 207 3754 404 3838; x_wconf 83' lang='lat' dir='ltr'><strong>praescivisti</strong></span> <span class='ocrx_word' id='word_1_102' title='bbox 426 3755 503 3820; x_wconf 88' lang='lat' dir='ltr'><strong>vitae</strong></span> <span class='ocrx_word' id='word_1_103' title='bbox 525 3763 658 3838; x_wconf 84' lang='lat' dir='ltr'><strong>metam,</strong></span> 
     </span>
    </p>

    <p class='ocr_par' dir='ltr' id='par_1_15' title="bbox 207 3855 834 4044">
     <span class='ocr_line' id='line_1_30' title="bbox 207 3855 834 3940; baseline 0.006 -20"><span class='ocrx_word' id='word_1_104' title='bbox 207 3855 310 3921; x_wconf 89' lang='lat' dir='ltr'><strong>intras</strong></span> <span class='ocrx_word' id='word_1_105' title='bbox 332 3856 386 3923; x_wconf 93' lang='lat' dir='ltr'><strong>dei</strong></span> <span class='ocrx_word' id='word_1_106' title='bbox 408 3859 513 3939; x_wconf 85' lang='lat' dir='ltr'><strong>aulam</strong></span> <span class='ocrx_word' id='word_1_107' title='bbox 536 3859 660 3940; x_wconf 87' lang='lat' dir='ltr'><strong>laetam,</strong></span> <span class='ocrx_word' id='word_1_108' title='bbox 793 3860 834 3926; x_wconf 80' lang='grc'><strong>95</strong></span> 
     </span>
     <span class='ocr_line' id='line_1_31' title="bbox 253 3959 660 4044; baseline 0 -20"><span class='ocrx_word' id='word_1_109' title='bbox 253 3959 310 4024; x_wconf 93' lang='lat' dir='ltr'><strong>ubi</strong></span> <span class='ocrx_word' id='word_1_110' title='bbox 329 3977 414 4024; x_wconf 89' lang='lat' dir='ltr'><strong>nunc</strong></span> <span class='ocrx_word' id='word_1_111' title='bbox 436 3959 660 4044; x_wconf 74' lang='lat' dir='ltr'><strong>pulcherrimis</strong></span> 
     </span>
    </p>
   </div>
   <div class='ocr_carea' id='block_1_7' title="bbox 882 512 1339 1096">
    <p class='ocr_par' dir='ltr' id='par_1_16' title="bbox 882 512 1339 1096">
     <span class='ocr_line' id='line_1_32' title="bbox 883 512 1309 580; baseline -0.007 0"><span class='ocrx_word' id='word_1_112' title='bbox 883 513 1002 580; x_wconf 90' lang='lat' dir='ltr'><strong>Vernis</strong></span> <span class='ocrx_word' id='word_1_113' title='bbox 1025 512 1158 580; x_wconf 89' lang='lat' dir='ltr'><strong>floribus</strong></span> <span class='ocrx_word' id='word_1_114' title='bbox 1180 514 1309 578; x_wconf 86' lang='lat' dir='ltr'><strong>ornaris</strong></span> 
     </span>
     <span class='ocr_line' id='line_1_33' title="bbox 883 614 1299 700; baseline -0.012 -19"><span class='ocrx_word' id='word_1_115' title='bbox 883 624 916 681; x_wconf 91' lang='lat' dir='ltr'><strong>et</strong></span> <span class='ocrx_word' id='word_1_116' title='bbox 936 635 1009 682; x_wconf 88' lang='lat' dir='ltr'><strong>cum</strong></span> <span class='ocrx_word' id='word_1_117' title='bbox 1026 615 1159 700; x_wconf 87' lang='lat' dir='ltr'><strong>paribus</strong></span> <span class='ocrx_word' id='word_1_118' title='bbox 1176 614 1299 680; x_wconf 87' lang='lat' dir='ltr'><strong>laetaris</strong></span> 
     </span>
     <span class='ocr_line' id='line_1_34' title="bbox 924 719 1250 803; baseline -0.009 -19"><span class='ocrx_word' id='word_1_119' title='bbox 924 720 958 784; x_wconf 91' lang='lat' dir='ltr'><strong>in</strong></span> <span class='ocrx_word' id='word_1_120' title='bbox 981 725 1105 784; x_wconf 73' lang='lat' dir='ltr'><strong>aterna</strong></span> <span class='ocrx_word' id='word_1_121' title='bbox 1127 719 1250 803; x_wconf 82' lang='lat' dir='ltr'><strong>gloria,</strong></span> 
     </span>
     <span class='ocr_line' id='line_1_35' title="bbox 882 823 1339 910; baseline -0.007 -23"><span class='ocrx_word' id='word_1_122' title='bbox 882 823 1092 910; x_wconf 86' lang='lat' dir='ltr'><strong>praemunitus</strong></span> <span class='ocrx_word' id='word_1_123' title='bbox 1115 823 1339 904; x_wconf 87' lang='lat' dir='ltr'><strong>sacramentis,</strong></span> 
     </span>
     <span class='ocr_line' id='line_1_36' title="bbox 883 925 1337 1007; baseline -0.011 -14"><span class='ocrx_word' id='word_1_124' title='bbox 883 935 949 994; x_wconf 81' lang='lat' dir='ltr'><strong>tuae</strong></span> <span class='ocrx_word' id='word_1_125' title='bbox 972 927 1079 992; x_wconf 88' lang='lat' dir='ltr'><strong>earnis</strong></span> <span class='ocrx_word' id='word_1_126' title='bbox 1102 931 1199 1007; x_wconf 84' lang='lat' dir='ltr'><strong>atque</strong></span> <span class='ocrx_word' id='word_1_127' title='bbox 1221 925 1337 992; x_wconf 78' lang='lat' dir='ltr'><strong>nentis</strong></span> 
     </span>
     <span class='ocr_line' id='line_1_37' title="bbox 928 1028 1242 1096; baseline 0.003 -2"><span class='ocrx_word' id='word_1_128' title='bbox 928 1030 1013 1096; x_wconf 87' lang='lat' dir='ltr'><strong>omni</strong></span> <span class='ocrx_word' id='word_1_129' title='bbox 1034 1029 1103 1094; x_wconf 87' lang='lat' dir='ltr'><strong>lota</strong></span> <span class='ocrx_word' id='word_1_130' title='bbox 1125 1028 1242 1096; x_wconf 84' lang='lat' dir='ltr'><strong>scoria.</strong></span> 
     </span>
    </p>
   </div>
   <div class='ocr_carea' id='block_1_8' title="bbox 884 1205 1299 1344">
    <p class='ocr_par' dir='ltr' id='par_1_17' title="bbox 884 1205 1299 1344">
     <span class='ocr_line' id='line_1_38' title="bbox 884 1205 1299 1344; baseline -0.005 -32"><span class='ocrx_word' id='word_1_131' title='bbox 884 1243 948 1330; x_wconf 79' lang='lat' dir='ltr'><strong>Eja</strong></span> <span class='ocrx_word' id='word_1_132' title='bbox 970 1252 1065 1330; x_wconf 89' lang='lat' dir='ltr'><strong>pater</strong></span> <span class='ocrx_word' id='word_1_133' title='bbox 1087 1205 1121 1309; x_wconf 83' lang='lat' dir='ltr'><strong>et</strong></span> <span class='ocrx_word' id='word_1_134' title='bbox 1136 1252 1299 1344; x_wconf 85' lang='lat' dir='ltr'><strong>patrone,</strong></span> 
     </span>
    </p>
   </div>
   <div class='ocr_carea' id='block_1_9' title="bbox 786 1349 1406 1429">
    <p class='ocr_par' dir='ltr' id='par_1_18' title="bbox 786 1349 1406 1429">
     <span class='ocr_line' id='line_1_39' title="bbox 786 1349 1406 1429; baseline -0.008 -13"><span class='ocrx_word' id='word_1_135' title='bbox 786 1424 789 1429; x_wconf 47' lang='grc'><strong>,</strong></span> <span class='ocrx_word' id='word_1_136' title='bbox 884 1366 944 1416; x_wconf 86' lang='lat' dir='ltr'><strong>nos</strong></span> <span class='ocrx_word' id='word_1_137' title='bbox 967 1349 1113 1416; x_wconf 81' lang='lat' dir='ltr'><strong>satanico</strong></span> <span class='ocrx_word' id='word_1_138' title='bbox 1131 1362 1286 1414; x_wconf 81' lang='lat' dir='ltr'><strong>mucrene</strong></span> <span class='ocrx_word' id='word_1_139' title='bbox 1404 1381 1406 1390; x_wconf 33' lang='grc' dir='ltr'><strong><em>ι</em></strong></span> 
     </span>
    </p>
   </div>
   <div class='ocr_carea' id='block_1_10' title="bbox 884 1449 1429 1822">
    <p class='ocr_par' dir='ltr' id='par_1_19' title="bbox 884 1449 1429 1822">
     <span class='ocr_line' id='line_1_40' title="bbox 929 1449 1274 1518; baseline 0.009 -4"><span class='ocrx_word' id='word_1_140' title='bbox 929 1449 1076 1516; x_wconf 84' lang='lat' dir='ltr'><strong>confixos</strong></span> <span class='ocrx_word' id='word_1_141' title='bbox 1099 1449 1274 1518; x_wconf 77' lang='lat' dir='ltr'><strong>crudeliter</strong></span> 
     </span>
     <span class='ocr_line' id='line_1_41' title="bbox 884 1554 1318 1636; baseline -0.002 -19"><span class='ocrx_word' id='word_1_142' title='bbox 884 1554 1080 1636; x_wconf 79' lang='lat' dir='ltr'><strong>gemebundi</strong></span> <span class='ocrx_word' id='word_1_143' title='bbox 1102 1554 1318 1635; x_wconf 82' lang='lat' dir='ltr'><strong>clamitamus,</strong></span> 
     </span>
     <span class='ocr_line' id='line_1_42' title="bbox 884 1653 1429 1739; baseline -0.004 -19"><span class='ocrx_word' id='word_1_144' title='bbox 884 1657 1022 1739; x_wconf 89' lang='lat' dir='ltr'><strong>impetra</strong></span> <span class='ocrx_word' id='word_1_145' title='bbox 1042 1654 1116 1738; x_wconf 90' lang='lat' dir='ltr'><strong>hoc,</strong></span> <span class='ocrx_word' id='word_1_146' title='bbox 1140 1653 1226 1738; x_wconf 88' lang='lat' dir='ltr'><strong>qued</strong></span> <span class='ocrx_word' id='word_1_147' title='bbox 1248 1672 1429 1738; x_wconf 85' lang='lat' dir='ltr'><strong>speramus,</strong></span> 
     </span>
     <span class='ocr_line' id='line_1_43' title="bbox 929 1755 1230 1822; baseline -0.003 -1"><span class='ocrx_word' id='word_1_148' title='bbox 929 1764 1059 1822; x_wconf 87' lang='lat' dir='ltr'><strong>orantes</strong></span> <span class='ocrx_word' id='word_1_149' title='bbox 1082 1755 1230 1822; x_wconf 84' lang='lat' dir='ltr'><strong>fideliter.</strong></span> 
     </span>
    </p>
   </div>
   <div class='ocr_carea' id='block_1_11' title="bbox 885 1971 1574 2557">
    <p class='ocr_par' dir='ltr' id='par_1_20' title="bbox 885 1971 1574 2064">
     <span class='ocr_line' id='line_1_44' title="bbox 885 1971 1574 2064; baseline -0.004 -26"><span class='ocrx_word' id='word_1_150' title='bbox 885 1971 947 2038; x_wconf 79' lang='lat' dir='ltr'><strong>nei</strong></span> <span class='ocrx_word' id='word_1_151' title='bbox 970 1973 1109 2056; x_wconf 85' lang='lat' dir='ltr'><strong>gratiam</strong></span> <span class='ocrx_word' id='word_1_152' title='bbox 1130 1972 1260 2056; x_wconf 84' lang='lat' dir='ltr'><strong>adepti,</strong></span> <span class='ocrx_word' id='word_1_153' title='bbox 1570 2057 1574 2064; x_wconf 21' lang='lat'>⁵</span> 
     </span>
    </p>

    <p class='ocr_par' dir='ltr' id='par_1_21' title="bbox 886 2077 1511 2262">
     <span class='ocr_line' id='line_1_45' title="bbox 886 2077 1511 2162; baseline 0 -22"><span class='ocrx_word' id='word_1_154' title='bbox 886 2077 991 2161; x_wconf 88' lang='lat' dir='ltr'><strong>poenis</strong></span> <span class='ocrx_word' id='word_1_155' title='bbox 1014 2077 1158 2140; x_wconf 83' lang='lat' dir='ltr'><strong>trucibus</strong></span> <span class='ocrx_word' id='word_1_156' title='bbox 1181 2077 1287 2162; x_wconf 86' lang='lat' dir='ltr'><strong>erepti</strong></span> <span class='ocrx_word' id='word_1_157' title='bbox 1471 2079 1511 2140; x_wconf 80' lang='lat' dir='ltr'><strong>tc</strong></span> 
     </span>
     <span class='ocr_line' id='line_1_46' title="bbox 929 2181 1228 2262; baseline 0 -17"><span class='ocrx_word' id='word_1_158' title='bbox 929 2181 1096 2246; x_wconf 83' lang='lat' dir='ltr'><strong>infernalis</strong></span> <span class='ocrx_word' id='word_1_159' title='bbox 1118 2181 1228 2262; x_wconf 88' lang='lat' dir='ltr'><strong>furiae,</strong></span> 
     </span>
    </p>

    <p class='ocr_par' dir='ltr' id='par_1_22' title="bbox 887 2285 1272 2368">
     <span class='ocr_line' id='line_1_47' title="bbox 887 2285 1272 2368; baseline -0.008 -19"><span class='ocrx_word' id='word_1_160' title='bbox 887 2286 921 2349; x_wconf 88' lang='lat' dir='ltr'><strong>in</strong></span> <span class='ocrx_word' id='word_1_161' title='bbox 944 2293 1120 2368; x_wconf 90' lang='lat' dir='ltr'><strong>conspectu</strong></span> <span class='ocrx_word' id='word_1_162' title='bbox 1143 2285 1272 2349; x_wconf 90' lang='lat' dir='ltr'><strong>deitatis</strong></span> 
     </span>
    </p>

    <p class='ocr_par' dir='ltr' id='par_1_23' title="bbox 887 2389 1344 2557">
     <span class='ocr_line' id='line_1_48' title="bbox 887 2389 1344 2473; baseline 0 -21"><span class='ocrx_word' id='word_1_163' title='bbox 887 2397 1122 2473; x_wconf 75' lang='lat' dir='ltr'><strong>praesentemur</strong></span> <span class='ocrx_word' id='word_1_164' title='bbox 1145 2407 1217 2454; x_wconf 88' lang='lat' dir='ltr'><strong>cum</strong></span> <span class='ocrx_word' id='word_1_165' title='bbox 1238 2389 1344 2454; x_wconf 88' lang='lat' dir='ltr'><strong>beatis</strong></span> 
     </span>
     <span class='ocr_line' id='line_1_49' title="bbox 928 2492 1217 2557; baseline -0.01 0"><span class='ocrx_word' id='word_1_166' title='bbox 928 2493 1005 2557; x_wconf 87' lang='lat' dir='ltr'><strong>coeli</strong></span> <span class='ocrx_word' id='word_1_167' title='bbox 1027 2492 1087 2556; x_wconf 86' lang='lat' dir='ltr'><strong>teti</strong></span> <span class='ocrx_word' id='word_1_168' title='bbox 1110 2492 1217 2556; x_wconf 84' lang='lat' dir='ltr'><strong>curiae.</strong></span> 
     </span>
    </p>
   </div>
   <div class='ocr_carea' id='block_1_12' title="bbox 888 2697 1525 2790">
    <p class='ocr_par' dir='ltr' id='par_1_24' title="bbox 888 2697 1525 2790">
     <span class='ocr_line' id='line_1_50' title="bbox 888 2697 1525 2790; baseline -0.006 -16"><span class='ocrx_word' id='word_1_169' title='bbox 888 2705 952 2774; x_wconf 85' lang='lat' dir='ltr'><strong>Ubi</strong></span> <span class='ocrx_word' id='word_1_170' title='bbox 975 2708 1129 2772; x_wconf 69' lang='lat' dir='ltr'><strong>caelorum</strong></span> <span class='ocrx_word' id='word_1_171' title='bbox 1150 2708 1297 2790; x_wconf 80' lang='lat' dir='ltr'><strong>reginam</strong></span> <span class='ocrx_word' id='word_1_172' title='bbox 1365 2738 1368 2744; x_wconf 96' lang='lat'>·</span> <span class='ocrx_word' id='word_1_173' title='bbox 1473 2697 1525 2770; x_wconf 79' lang='lat'><strong>15·</strong></span> 
     </span>
    </p>
   </div>
   <div class='ocr_carea' id='block_1_13' title="bbox 829 2809 1280 2877">
    <p class='ocr_par' dir='ltr' id='par_1_25' title="bbox 829 2809 1280 2877">
     <span class='ocr_line' id='line_1_51' title="bbox 829 2809 1280 2877; baseline -0.009 0"><span class='ocrx_word' id='word_1_174' title='bbox 829 2825 832 2829; x_wconf 83' lang='lat'>&#39;</span> <span class='ocrx_word' id='word_1_175' title='bbox 888 2820 922 2877; x_wconf 89' lang='lat' dir='ltr'><strong>et</strong></span> <span class='ocrx_word' id='word_1_176' title='bbox 944 2811 1117 2875; x_wconf 88' lang='lat' dir='ltr'><strong>essentiam</strong></span> <span class='ocrx_word' id='word_1_177' title='bbox 1140 2809 1280 2874; x_wconf 87' lang='lat' dir='ltr'><strong>divinam</strong></span> 
     </span>
    </p>
   </div>
   <div class='ocr_carea' id='block_1_14' title="bbox 889 2911 1511 3307">
    <p class='ocr_par' dir='ltr' id='par_1_26' title="bbox 889 2911 1511 3307">
     <span class='ocr_line' id='line_1_52' title="bbox 932 2911 1358 2996; baseline -0.005 -18"><span class='ocrx_word' id='word_1_178' title='bbox 932 2916 1088 2979; x_wconf 87' lang='lat' dir='ltr'><strong>mirantes</strong></span> <span class='ocrx_word' id='word_1_179' title='bbox 1106 2912 1302 2996; x_wconf 83' lang='lat' dir='ltr'><strong>videbimus,</strong></span> <span class='ocrx_word' id='word_1_180' title='bbox 1355 2911 1358 2916; x_wconf 80' lang='grc'><strong>’</strong></span> 
     </span>
     <span class='ocr_line' id='line_1_53' title="bbox 889 3016 1460 3104; baseline -0.002 -23"><span class='ocrx_word' id='word_1_181' title='bbox 889 3024 922 3082; x_wconf 91' lang='lat' dir='ltr'><strong>et</strong></span> <span class='ocrx_word' id='word_1_182' title='bbox 944 3016 1004 3098; x_wconf 88' lang='lat' dir='ltr'><strong>his,</strong></span> <span class='ocrx_word' id='word_1_183' title='bbox 1028 3016 1083 3098; x_wconf 90' lang='lat' dir='ltr'><strong>qui</strong></span> <span class='ocrx_word' id='word_1_184' title='bbox 1104 3034 1167 3098; x_wconf 67' lang='lat' dir='ltr'><strong>pro,</strong></span> <span class='ocrx_word' id='word_1_185' title='bbox 1186 3017 1292 3100; x_wconf 22' lang='lat' dir='ltr'><strong>sculpis</strong></span> <span class='ocrx_word' id='word_1_186' title='bbox 1315 3023 1460 3104; x_wconf 82' lang='lat' dir='ltr'><strong>gemunt,</strong></span> 
     </span>
     <span class='ocr_line' id='line_1_54' title="bbox 889 3095 1511 3208; baseline -0.011 -17"><span class='ocrx_word' id='word_1_187' title='bbox 889 3139 970 3208; x_wconf 85' lang='lat' dir='ltr'><strong>quos</strong></span> <span class='ocrx_word' id='word_1_188' title='bbox 994 3120 1220 3206; x_wconf 89' lang='lat' dir='ltr'><strong>hujusmundi</strong></span> <span class='ocrx_word' id='word_1_189' title='bbox 1248 3121 1331 3188; x_wconf 85' lang='lat' dir='ltr'><strong>mala</strong></span> <span class='ocrx_word' id='word_1_190' title='bbox 1354 3095 1511 3205; x_wconf 63' lang='lat' dir='ltr'><strong>premunt]</strong></span> 
     </span>
     <span class='ocr_line' id='line_1_55' title="bbox 930 3223 1511 3307; baseline -0.007 -17"><span class='ocrx_word' id='word_1_191' title='bbox 930 3227 999 3290; x_wconf 86' lang='lat' dir='ltr'><strong>laeti</strong></span> <span class='ocrx_word' id='word_1_192' title='bbox 1021 3223 1272 3307; x_wconf 87' lang='lat' dir='ltr'><strong>conridebimus,</strong></span> <span class='ocrx_word' id='word_1_193' title='bbox 1470 3223 1511 3286; x_wconf 83' lang='lat'><strong>20</strong></span> 
     </span>
    </p>
   </div>
   <div class='ocr_carea' id='block_1_15' title="bbox 831 3415 1295 3514">
    <p class='ocr_par' dir='ltr' id='par_1_27' title="bbox 831 3415 1295 3514">
     <span class='ocr_line' id='line_1_56' title="bbox 831 3415 1295 3514; baseline -0.004 -6"><span class='ocrx_word' id='word_1_194' title='bbox 831 3505 833 3512; x_wconf 87' lang='grc'><em>,</em></span> <span class='ocrx_word' id='word_1_195' title='bbox 888 3443 1006 3508; x_wconf 88' lang='lat' dir='ltr'><strong>Grates</strong></span> <span class='ocrx_word' id='word_1_196' title='bbox 1029 3415 1094 3507; x_wconf 25' lang='lat' dir='ltr'><strong>dec·</strong></span> <span class='ocrx_word' id='word_1_197' title='bbox 1115 3443 1295 3514; x_wconf 79' lang='lat' dir='ltr'><strong>relerentes</strong></span> 
     </span>
    </p>
   </div>
   <div class='ocr_carea' id='block_1_16' title="bbox 887 3531 1513 4028">
    <p class='ocr_par' dir='ltr' id='par_1_28' title="bbox 887 3531 1511 3732">
     <span class='ocr_line' id='line_1_57' title="bbox 887 3531 1511 3634; baseline -0.011 -20"><span class='ocrx_word' id='word_1_198' title='bbox 887 3555 1025 3634; x_wconf 86' lang='lat' dir='ltr'><strong>propter</strong></span> <span class='ocrx_word' id='word_1_199' title='bbox 1046 3549 1169 3631; x_wconf 81' lang='lat' dir='ltr'><strong>gratias</strong></span> <span class='ocrx_word' id='word_1_200' title='bbox 1191 3531 1340 3630; x_wconf 84' lang='lat' dir='ltr'><strong>ingentes</strong></span> <span class='ocrx_word' id='word_1_201' title='bbox 1384 3591 1386 3595; x_wconf 86' lang='lat'>-</span> <span class='ocrx_word' id='word_1_202' title='bbox 1506 3543 1511 3550; x_wconf 84' lang='grc'><strong>’</strong></span> 
     </span>
     <span class='ocr_line' id='line_1_58' title="bbox 930 3649 1319 3732; baseline -0.003 -19"><span class='ocrx_word' id='word_1_203' title='bbox 930 3650 1035 3715; x_wconf 86' lang='lat' dir='ltr'><strong>iactas</strong></span> <span class='ocrx_word' id='word_1_204' title='bbox 1057 3649 1319 3732; x_wconf 83' lang='lat' dir='ltr'><strong>magnanimiter3</strong></span> 
     </span>
    </p>

    <p class='ocr_par' dir='ltr' id='par_1_29' title="bbox 888 3750 1513 3834">
     <span class='ocr_line' id='line_1_59' title="bbox 888 3750 1513 3834; baseline -0.002 -18"><span class='ocrx_word' id='word_1_205' title='bbox 888 3751 944 3818; x_wconf 85' lang='lat' dir='ltr'><strong>det</strong></span> <span class='ocrx_word' id='word_1_206' title='bbox 965 3753 1029 3818; x_wconf 89' lang='lat' dir='ltr'><strong>hoc</strong></span> <span class='ocrx_word' id='word_1_207' title='bbox 1050 3753 1144 3819; x_wconf 87' lang='lat' dir='ltr'><strong>nobis</strong></span> <span class='ocrx_word' id='word_1_208' title='bbox 1167 3753 1284 3817; x_wconf 89' lang='lat' dir='ltr'><strong>almum</strong></span> <span class='ocrx_word' id='word_1_209' title='bbox 1307 3750 1441 3834; x_wconf 81' lang='lat' dir='ltr'><strong>flamen,</strong></span> <span class='ocrx_word' id='word_1_210' title='bbox 1508 3813 1513 3827; x_wconf 81' lang='grc'><strong><em>,</em></strong></span> 
     </span>
    </p>

    <p class='ocr_par' dir='ltr' id='par_1_30' title="bbox 888 3853 1509 4028">
     <span class='ocr_line' id='line_1_60' title="bbox 888 3853 1509 3940; baseline -0.005 -18"><span class='ocrx_word' id='word_1_211' title='bbox 888 3855 988 3922; x_wconf 89' lang='lat' dir='ltr'><strong>corde</strong></span> <span class='ocrx_word' id='word_1_212' title='bbox 1009 3863 1082 3921; x_wconf 83' lang='lat' dir='ltr'><strong>tote</strong></span> <span class='ocrx_word' id='word_1_213' title='bbox 1100 3853 1230 3940; x_wconf 87' lang='lat' dir='ltr'><strong>dicant,</strong></span> <span class='ocrx_word' id='word_1_214' title='bbox 1253 3873 1361 3938; x_wconf 83' lang='lat' dir='ltr'><strong>amen,</strong></span> <span class='ocrx_word' id='word_1_215' title='bbox 1450 3853 1509 3919; x_wconf 79' lang='lat'><strong>125</strong></span> 
     </span>
     <span class='ocr_line' id='line_1_61' title="bbox 930 3959 1262 4028; baseline -0.009 -4"><span class='ocrx_word' id='word_1_216' title='bbox 930 3977 1041 4024; x_wconf 90' lang='lat' dir='ltr'><strong>omnes</strong></span> <span class='ocrx_word' id='word_1_217' title='bbox 1063 3959 1262 4028; x_wconf 85' lang='lat' dir='ltr'><strong>unanimiter.</strong></span> 
     </span>
    </p>
   </div>
   <div class='ocr_carea' id='block_1_17' title="bbox 284 4177 995 4239">
    <p class='ocr_par' dir='ltr' id='par_1_31' title="bbox 284 4177 995 4239">
     <span class='ocr_line' id='line_1_62' title="bbox 284 4177 995 4239; baseline 0.004 -6"><span class='ocrx_word' id='word_1_218' title='bbox 284 4177 348 4234; x_wconf 80' lang='lat' dir='ltr'><strong>-lls</strong></span> <span class='ocrx_word' id='word_1_219' title='bbox 366 4195 402 4238; x_wconf 76' lang='lat' dir='ltr'><strong>su</strong></span> <span class='ocrx_word' id='word_1_220' title='bbox 418 4179 554 4239; x_wconf 83' lang='lat' dir='ltr'><strong>llliincbeu</strong></span> <span class='ocrx_word' id='word_1_221' title='bbox 573 4179 641 4236; x_wconf 80' lang='lat' dir='ltr'><strong>clm.</strong></span> <span class='ocrx_word' id='word_1_222' title='bbox 660 4181 758 4237; x_wconf 74' lang='grc'>198211.</span> <span class='ocrx_word' id='word_1_223' title='bbox 776 4181 828 4239; x_wconf 88' lang='lat' dir='ltr'><strong>des</strong></span> <span class='ocrx_word' id='word_1_224' title='bbox 845 4183 879 4236; x_wconf 85' lang='lat'><strong>15</strong></span> <span class='ocrx_word' id='word_1_225' title='bbox 897 4181 995 4238; x_wconf 83' lang='lat' dir='ltr'><strong>Jahrb.</strong></span> 
     </span>
    </p>
   </div>
   <div class='ocr_carea' id='block_1_18' title="bbox 206 4315 1513 4657">
    <p class='ocr_par' dir='ltr' id='par_1_32' title="bbox 206 4315 1513 4657">
     <span class='ocr_line' id='line_1_63' title="bbox 301 4315 1511 4392; baseline 0.003 -22"><span class='ocrx_word' id='word_1_226' title='bbox 301 4317 336 4370; x_wconf 86' lang='lat'><strong>19</strong></span> <span class='ocrx_word' id='word_1_227' title='bbox 352 4315 529 4387; x_wconf 86' lang='lat' dir='ltr'><strong>ministrans,</strong></span> <span class='ocrx_word' id='word_1_228' title='bbox 547 4317 595 4374; x_wconf 85' lang='lat' dir='ltr'><strong>ils.</strong></span> <span class='ocrx_word' id='word_1_229' title='bbox 638 4321 675 4374; x_wconf 73' lang='lat' dir='ltr'><strong>st</strong></span> <span class='ocrx_word' id='word_1_230' title='bbox 691 4317 839 4392; x_wconf 86' lang='lat' dir='ltr'><strong>proficies,</strong></span> <span class='ocrx_word' id='word_1_231' title='bbox 857 4323 904 4379; x_wconf 84' lang='lat' dir='ltr'><strong>Hs.</strong></span> <span class='ocrx_word' id='word_1_232' title='bbox 953 4325 989 4378; x_wconf 78' lang='lat' dir='ltr'><strong>ta</strong></span> <span class='ocrx_word' id='word_1_233' title='bbox 1014 4321 1114 4377; x_wconf 89' lang='lat' dir='ltr'><strong>dolens</strong></span> <span class='ocrx_word' id='word_1_234' title='bbox 1132 4322 1212 4376; x_wconf 75' lang='lat' dir='ltr'><strong>wire</strong></span> <span class='ocrx_word' id='word_1_235' title='bbox 1231 4321 1293 4375; x_wconf 87' lang='lat' dir='ltr'><strong>bier</strong></span> <span class='ocrx_word' id='word_1_236' title='bbox 1310 4319 1368 4374; x_wconf 82' lang='lat' dir='ltr'><strong>null</strong></span> <span class='ocrx_word' id='word_1_237' title='bbox 1383 4320 1511 4375; x_wconf 73' lang='lat' dir='ltr'><strong>aedisti</strong></span> 
     </span>
     <span class='ocr_line' id='line_1_64' title="bbox 211 4403 1510 4482; baseline 0.004 -23"><span class='ocrx_word' id='word_1_238' title='bbox 211 4403 318 4461; x_wconf 85' lang='lat' dir='ltr'><strong>besser.</strong></span> <span class='ocrx_word' id='word_1_239' title='bbox 364 4405 399 4459; x_wconf 81' lang='lat'><strong>56</strong></span> <span class='ocrx_word' id='word_1_240' title='bbox 427 4405 574 4476; x_wconf 75' lang='lat' dir='ltr'><strong>exultans,</strong></span> <span class='ocrx_word' id='word_1_241' title='bbox 601 4405 649 4462; x_wconf 85' lang='lat' dir='ltr'><strong>lla.</strong></span> <span class='ocrx_word' id='word_1_242' title='bbox 678 4406 777 4465; x_wconf 85' lang='lat' dir='ltr'><strong>besser</strong></span> <span class='ocrx_word' id='word_1_243' title='bbox 801 4409 892 4466; x_wconf 87' lang='lat' dir='ltr'><strong>bleibt</strong></span> <span class='ocrx_word' id='word_1_244' title='bbox 914 4409 962 4466; x_wconf 85' lang='lat' dir='ltr'><strong>sed</strong></span> <span class='ocrx_word' id='word_1_245' title='bbox 984 4425 1051 4482; x_wconf 87' lang='lat' dir='ltr'><strong>weg</strong></span> <span class='ocrx_word' id='word_1_246' title='bbox 1072 4409 1128 4464; x_wconf 86' lang='lat' dir='ltr'><strong>und</strong></span> <span class='ocrx_word' id='word_1_247' title='bbox 1152 4408 1227 4463; x_wconf 82' lang='lat' dir='ltr'><strong>wiri</strong></span> <span class='ocrx_word' id='word_1_248' title='bbox 1249 4410 1371 4464; x_wconf 79' lang='lat' dir='ltr'><strong>eenltnatt</strong></span> <span class='ocrx_word' id='word_1_249' title='bbox 1394 4413 1510 4478; x_wconf 83' lang='lat' dir='ltr'><strong>gesetnt</strong></span> 
     </span>
     <span class='ocr_line' id='line_1_65' title="bbox 209 4491 1513 4568; baseline 0.002 -18"><span class='ocrx_word' id='word_1_250' title='bbox 209 4493 246 4550; x_wconf 82' lang='lat'><strong>98</strong></span> <span class='ocrx_word' id='word_1_251' title='bbox 263 4493 302 4549; x_wconf 89' lang='lat' dir='ltr'><strong>ibi</strong></span> <span class='ocrx_word' id='word_1_252' title='bbox 320 4491 339 4550; x_wconf 87' lang='lat' dir='ltr'><strong>f.</strong></span> <span class='ocrx_word' id='word_1_253' title='bbox 358 4499 395 4564; x_wconf 74' lang='lat' dir='ltr'><strong>et,</strong></span> <span class='ocrx_word' id='word_1_254' title='bbox 412 4494 461 4550; x_wconf 83' lang='lat' dir='ltr'><strong>Hs.</strong></span> <span class='ocrx_word' id='word_1_255' title='bbox 512 4496 647 4552; x_wconf 73' lang='lat'>118-20</span> <span class='ocrx_word' id='word_1_256' title='bbox 664 4498 727 4554; x_wconf 86' lang='lat' dir='ltr'><strong>sind</strong></span> <span class='ocrx_word' id='word_1_257' title='bbox 744 4499 906 4556; x_wconf 85' lang='lat' dir='ltr'><strong>undeutliclr</strong></span> <span class='ocrx_word' id='word_1_258' title='bbox 923 4499 979 4555; x_wconf 87' lang='lat' dir='ltr'><strong>und</strong></span> <span class='ocrx_word' id='word_1_259' title='bbox 998 4501 1051 4554; x_wconf 71' lang='grc'>119</span> <span class='ocrx_word' id='word_1_260' title='bbox 1069 4498 1247 4568; x_wconf 65' lang='lat' dir='ltr'><strong>cerinthae,</strong></span> <span class='ocrx_word' id='word_1_261' title='bbox 1264 4497 1410 4554; x_wconf 82' lang='lat' dir='ltr'><strong>vielleiclut</strong></span> <span class='ocrx_word' id='word_1_262' title='bbox 1427 4496 1513 4552; x_wconf 79' lang='lat' dir='ltr'><strong>sellie</strong></span> 
     </span>
     <span class='ocr_line' id='line_1_66' title="bbox 206 4581 1295 4657; baseline 0.004 -19"><span class='ocrx_word' id='word_1_263' title='bbox 206 4596 242 4651; x_wconf 73' lang='lat' dir='ltr'><strong>er</strong></span> <span class='ocrx_word' id='word_1_264' title='bbox 255 4581 365 4638; x_wconf 89' lang='lat' dir='ltr'><strong>lauten:</strong></span> <span class='ocrx_word' id='word_1_265' title='bbox 385 4587 414 4638; x_wconf 89' lang='lat' dir='ltr'><strong>et</strong></span> <span class='ocrx_word' id='word_1_266' title='bbox 431 4599 502 4654; x_wconf 78' lang='lat' dir='ltr'><strong>ques</strong></span> <span class='ocrx_word' id='word_1_267' title='bbox 520 4585 622 4657; x_wconf 78' lang='lat' dir='ltr'><strong>mundi,</strong></span> <span class='ocrx_word' id='word_1_268' title='bbox 639 4587 739 4646; x_wconf 85' lang='lat' dir='ltr'><strong>womit</strong></span> <span class='ocrx_word' id='word_1_269' title='bbox 756 4588 827 4646; x_wconf 84' lang='lat' dir='ltr'><strong>aber</strong></span> <span class='ocrx_word' id='word_1_270' title='bbox 845 4589 895 4644; x_wconf 85' lang='lat' dir='ltr'><strong>der</strong></span> <span class='ocrx_word' id='word_1_271' title='bbox 913 4589 984 4648; x_wconf 79' lang='lat' dir='ltr'><strong>Sinn</strong></span> <span class='ocrx_word' id='word_1_272' title='bbox 1002 4588 1080 4644; x_wconf 86' lang='lat' dir='ltr'><strong>nicht</strong></span> <span class='ocrx_word' id='word_1_273' title='bbox 1096 4583 1195 4644; x_wconf 85' lang='lat' dir='ltr'><strong>besser</strong></span> <span class='ocrx_word' id='word_1_274' title='bbox 1213 4586 1295 4643; x_wconf 80' lang='lat' dir='ltr'><strong>wiri.</strong></span> 
     </span>
    </p>
   </div>
   <div class='ocr_carea' id='block_1_19' title="bbox 295 4719 1509 4808">
    <p class='ocr_par' dir='ltr' id='par_1_33' title="bbox 295 4719 1509 4808">
     <span class='ocr_line' id='line_1_67' title="bbox 295 4719 1509 4808; baseline -0.009 -13"><span class='ocrx_word' id='word_1_275' title='bbox 295 4725 330 4795; x_wconf 78' lang='lat' dir='ltr'><strong>Y·</strong></span> <span class='ocrx_word' id='word_1_276' title='bbox 349 4729 462 4792; x_wconf 43' lang='lat' dir='ltr'><strong>aleta</strong></span> <span class='ocrx_word' id='word_1_277' title='bbox 487 4745 535 4794; x_wconf 80' lang='lat' dir='ltr'><strong>cor</strong></span> <span class='ocrx_word' id='word_1_278' title='bbox 549 4733 641 4808; x_wconf 79' lang='lat' dir='ltr'><strong>binum,</strong></span> <span class='ocrx_word' id='word_1_279' title='bbox 662 4735 707 4794; x_wconf 88' lang='lat' dir='ltr'><strong>eiu</strong></span> <span class='ocrx_word' id='word_1_280' title='bbox 721 4735 883 4808; x_wconf 83' lang='lat' dir='ltr'><strong>Wartspiel</strong></span> <span class='ocrx_word' id='word_1_281' title='bbox 900 4753 950 4793; x_wconf 85' lang='lat' dir='ltr'><strong>nur</strong></span> <span class='ocrx_word' id='word_1_282' title='bbox 963 4735 1125 4808; x_wconf 76' lang='lat' dir='ltr'><strong>Erilirung</strong></span> <span class='ocrx_word' id='word_1_283' title='bbox 1144 4735 1193 4792; x_wconf 83' lang='lat' dir='ltr'><strong>des</strong></span> <span class='ocrx_word' id='word_1_284' title='bbox 1211 4735 1337 4794; x_wconf 80' lang='lat' dir='ltr'><strong>Nanens</strong></span> <span class='ocrx_word' id='word_1_285' title='bbox 1348 4719 1509 4792; x_wconf 79' lang='lat' dir='ltr'><strong>Gorbiniam</strong></span> 
     </span>
    </p>
   </div>
   <div class='ocr_carea' id='block_1_20' title="bbox 0 0 1670 5316">
    <p class='ocr_par' dir='ltr' id='par_1_34' title="bbox 0 0 1670 5316">
     <span class='ocr_line' id='line_1_68' title="bbox 0 0 1670 5316; baseline 0 0"><span class='ocrx_word' id='word_1_286' title='bbox 0 0 1670 5316; x_wconf 95' lang='lat' dir='ltr'><strong> </strong></span> 
     </span>
    </p>
   </div>
  </div>
 </body>
</html>
