3332 5318
240 324 305 388 126

239 510 334 577 Unde
359 511 399 575 ad
424 518 456 576 te
478 509 630 592 eoniugio
868 553 870 558 -
919 509 1010 588 Quod
1033 519 1069 574 nt
1090 517 1167 576 tuno
1191 513 1296 595 possit
1318 512 1406 595 fieri,
1440 515 1450 558 “-
1503 515 1551 578 25

240 622 273 680 et
295 622 431 699 propter
452 614 540 678 illum
568 615 725 696 obsecro,
917 632 1002 679 nuno
1025 633 1121 678 aures
1144 615 1239 698 pulsa
1261 615 1395 697 domini,

240 719 296 801 qni
317 725 350 782 te
374 717 515 782 salvavit
537 707 683 796 duhium,
826 718 865 776 15
917 723 952 778 ut
976 714 1166 796 quadratam
1188 717 1360 782 virtutibus

240 820 315 886 dum
337 821 404 886 fers
426 821 566 885 inlatus
589 819 733 902 digitum,
917 819 984 884 labi
1006 837 1070 884 non
1094 821 1179 883 sinat
1201 821 1355 904 amplius,

240 1030 284 1097 Ut
306 1033 365 1096 sim
387 1032 429 1096 de
451 1050 516 1096 non
539 1031 723 1097 videntibus
917 980 960 1045 Et
983 980 1024 1046 ad
1048 983 1161 1065 oulpas
1184 984 1376 1047 ¹mm⁰b¹l⁸m

241 1143 275 1199 et
296 1138 393 1199 beate
418 1135 634 1200 credentibus.

240 1238 419 1303 arohiteote
442 1240 614 1321 mirabilis,

241 1340 283 1405 ae
306 1341 390 1404 vivis
413 1323 559 1405 aeuhous

919 1186 1005 1270 qnod
1028 1186 1179 1270 dignetur
1201 1188 1400 1271 ammedera,

918 1291 972 1371 qui
996 1292 1101 1355 erexit
1123 1291 1156 1353 in
1179 1291 1307 1372 virgine

917 1455 1008 1523 Illam
1032 1453 1160 1519 domum
1181 1455 1363 1538 mirificam,

240 1551 378 1618 Sumens
398 1555 430 1617 in
454 1562 543 1618 terra
565 1557 718 1639 pretium,
919 1576 1013 1638 qnam
1036 1557 1185 1620 transivit
1208 1575 1271 1621 non
1293 1560 1440 1642 perviam

241 1675 377 1720 servans
401 1658 485 1721 ooelo
507 1658 677 1741 palatium,
919 1666 952 1722 et
972 1659 1029 1723 illo
1051 1676 1137 1722 novo
1156 1661 1291 1723 transitu
1501 1665 1547 1726 35

240 1776 327 1843 pone
349 1760 448 1823 muris
471 1759 654 1825 Jerusalem
917 1779 977 1824 nos
997 1761 1098 1824 traxit
1120 1764 1161 1826 ab
1183 1762 1314 1828 interitu

240 1883 292 1926 me
314 1864 369 1929 vel
393 1871 571 1930 extremum
593 1865 743 1948 lapidem.
918 1870 1069 1945 suscepto
1094 1865 1200 1928 oannis
1224 1863 1344 1929 hahitu.

330 2045 534 2115 Strasshurger
552 2044 600 2098 Hs.
619 2045 649 2098 tl.
669 2045 728 2098 135.
746 2043 787 2098 Bl.
807 2045 848 2097 50.
868 2047 903 2098 14
915 2045 1015 2100 Jahrh.

330 2170 347 2220 7
365 2167 500 2240 quamvis,
519 2167 566 2222 Hs.
584 2164 631 2220 iiir
648 2183 704 2222 non
722 2141 804 2221 wilre¹
822 2169 919 2222 hesser
937 2184 979 2236 ne,
998 2169 1068 2224 aher
1086 2171 1169 2225 6-8
1187 2170 1250 2226 sind
1268 2171 1353 2227 damit
1371 2172 1443 2228 doeh
1464 2175 1547 2232 nieht

242 2267 315 2324 ganz
333 2256 510 2327 hergestellt.
547 2257 563 2310 8
583 2256 660 2324 duee,
678 2257 725 2311 Hs.

328 2376 360 2431 V.
380 2381 403 2432 1.
423 2379 537 2433 iihnlieh
554 2379 644 2435 heisst
662 2396 693 2433 er
711 2379 739 2432 in
758 2379 810 2434 den
828 2379 944 2434 Mondou
964 2380 1066 2452 Θωμᾶς
1084 2379 1100 2436 ὁ
1120 2382 1290 2455 θαυμάσιος.
1316 2386 1376 2444 oet.
1394 2389 1419 2444 6.

331 2463 365 2517 V.
384 2468 409 2519 2.
428 2469 501 2541 χειρὶ
520 2464 724 2544 φιλοπράγμονι
742 2469 825 2523 θείαν
843 2467 962 2542 πλευρὰν
980 2467 1164 2543 ἐξηρεύνησας.
1191 2471 1253 2529 oet.
1272 2475 1297 2527 6.

329 2550 362 2606 V.
384 2555 425 2606 17.
443 2551 476 2626 τῇ
493 2553 576 2626 uturp
595 2549 709 2626 ἀπιστίᾳ
729 2574 781 2610 σου
799 2553 862 2617 τοὺς
881 2553 996 2618 πιστοὺς
1014 2556 1188 2629 ἐβεβαίωσας.
1213 2559 1273 2617 oet.
1293 2562 1317 2615 6.

592 2879 677 2952 715.
714 2882 773 2951 De
795 2905 822 2950 s.
849 2879 989 2953 Thema
1016 2881 1187 2980 apostolo.

240 3100 266 3166 0
291 3099 429 3184 Thomu,
453 3101 601 3185 didyme,
914 3122 1066 3168 suoourre
1089 3104 1183 3170 nobis
1206 3106 1347 3189 miseris,

240 3224 301 3289 per
345 3203 529 3287 Christum,
581 3210 675 3286 quem
719 3206 862 3270 meruisti
909 3226 954 3270 ne
978 3206 1166 3273 damnemur
1189 3229 1260 3275 enm
1282 3212 1387 3296 impiis
1522 3216 1541 3275 5

401 3393 402 3396 Ἴ
602 3315 756 3390 tangere,
912 3311 945 3374 in
968 3310 1111 3377 adventu
1128 3313 1258 3397 judiois.

239 3417 271 3474 te
295 3411 447 3494 precihus
460 3431 624 3494 *rogamus
648 3413 810 3495 altisonis,

331 3577 525 3633 Reiehenauer.
541 3580 588 3634 Hs.
607 3581 659 3636 No.
677 3581 719 3634 60.
737 3578 779 3635 Bl.
798 3583 822 3633 i.
842 3579 891 3634 des
911 3582 944 3632 15
961 3581 1058 3637 Jahrh.
1077 3585 1128 3641 mit
1147 3585 1199 3648 der
1217 3544 1346 3642 llelodie.
1448 3573 1452 3580 ’

598 3879 683 3951 716.
724 3879 781 3950 De
808 3906 836 3953 s.
860 3882 1000 3955 Thomu
1028 3885 1199 3984 apostolo.

238 4091 342 4160 Salve
361 4096 482 4164 Thomu
505 4100 667 4188 gloriose,
861 4157 864 4164 .
913 4112 1018 4171 tecum
1040 4108 1145 4191 plebis
1169 4109 1314 4193 copiosae

235 4202 359 4285 palmes
380 4204 456 4274 vitis
479 4205 674 4290 fruetuosae,
957 4211 1083 4276 mittens
1107 4212 1149 4277 ad
1172 4214 1327 4278 ooelestia.

235 4311 268 4368 te
291 4305 425 4370 dootore
448 4308 591 4372 virtuose

278 4409 438 4491 gloriatur
460 4391 572 4479 India,v
912 4403 973 4479 Qui
996 4402 1043 4466 810
1066 4421 1102 4467 OS
1123 4404 1376 4488 praedestinatus

912 4514 945 4569 et
968 4525 988 4568 a
1007 4505 1136 4571 Christo
1158 4509 1337 4592 vocitatus,
1498 4512 1540 4577 10

236 4595 336 4674 Quam
360 4599 518 4664 horrebas
541 4603 681 4684 seriose,
839 4608 858 4668 5
911 4615 1040 4672 nostros
1064 4609 1150 4673 dilue
1175 4618 1285 4676 reatus

234 4697 319 4764 hano
342 4703 505 4767 eonvertis
528 4704 687 4788 gratiose,
954 4710 1083 4793 pietatis
1107 4712 1222 4794 gratia.

917 1084 999 1166 figat
1022 1091 1055 1148 et
1076 1084 1170 1148 honis
1193 1085 1358 1161 stabilem,
1502 1088 1550 1150 30
1659 1097 1660 1176 j
