3338 5324
473 545 574 611 tertie
755 579 758 590 .
837 592 845 633 .·
893 535 995 605 Salvo
1016 532 1340 619 martyr-indevote,
1410 585 1451 613 -.
1514 572 1519 582 ·

893 659 976 724 gens
996 638 1115 704 insanit
1136 635 1322 718 maledieta,
1510 669 1514 680 ·

849 731 851 734 ’
893 743 1114 817 tuonondum
1135 741 1255 810 satiate
1366 773 1370 780 ·
1458 750 1462 758 ·

815 857 819 864 ⁴
891 831 1040 911 ¹orueiatu
1063 844 1118 908 vel
1138 844 1277 924 lassam

779 993 782 1000 ·
837 975 839 980 ·
894 945 1103 1012 tormentales
1126 951 1226 1027 auget
1246 959 1377 1028 peenas,
1477 943 1521 1010 65

894 1050 994 1121 multa
1016 1050 1145 1116 feritate
1167 1049 1303 1132 plenas,
1402 1119 1404 1126 ,

895 1157 1009 1220 subest
1029 1154 1121 1219 furor
1139 1153 1211 1237 jam
1233 1159 1385 1234 oetavus,
1502 1187 1507 1214 t

895 1257 1104 1336 inhumanus,
1127 1263 1214 1321 totus
1232 1272 1372 1338 pravus,

894 1361 1000 1427 forma
1022 1369 1136 1425 tenera
1157 1359 1399 1424 mamurillarum

895 1472 972 1550 tuno
993 1449 1164 1545 torquetur
1185 1460 1423 1543 rotundarum,
1479 1462 1521 1527 id

801 1601 843 1668 30
895 1564 1110 1631 incenduntur
1131 1581 1207 1628 mox
1229 1563 1383 1632 feraees.

896 1667 940 1733 ad
962 1665 1120 1732 urendum
1141 1665 1251 1731 multae
1276 1665 1386 1748 foues,

819 1797 822 1810 ·
897 1771 969 1854 ejus
991 1787 1103 1834 manus
1127 1769 1345 1853 applieantur,
1436 1791 1452 1834 2

896 1875 961 1940 boe
983 1863 1102 1938 ardore
1124 1878 1379 1938 eonorernantur,

813 1997 847 2016 ··
896 1978 980 2044 Huie
1001 1977 1177 2043 suooedant
1199 1975 1317 2042 ustioni
1386 2028 1390 2039 ,
1470 1977 1522 2044 ib

684 2103 688 2110 ·
802 2116 844 2182 35
897 2084 945 2148 tui
966 2083 1125 2164 rogitatus
1147 2081 1239 2159 boni,
1495 2093 1499 2100 ’

898 2188 956 2252 illa
978 2206 1040 2253 neo
1061 2177 1223 2251 cremetur
1245 2183 1351 2268 aedes,

898 2284 1411 2371 fflfflfflffimff

898 2391 976 2474 igne
999 2408 1059 2454 suo
1080 2389 1134 2452 vel
1157 2387 1284 2455 alterno
1336 2441 1338 2446 .

901 2489 956 2559 aut
978 2487 1119 2558 tonitruo
1143 2507 1294 2574 superno.
1480 2489 1523 2554 80

212 679 325 766 δύνᾳ
338 687 464 767 martyr
485 680 687 762 veneranda,

214 787 302 855 omni
323 787 420 853 laude
442 783 668 870 praeiereuda,

213 894 263 962 sio
285 910 321 957 es
343 909 442 976 passa
465 888 560 954 sexta
581 887 654 952 vioe
739 875 742 880 ’

214 996 250 1060 et
272 1001 413 1060 traotata
434 990 612 1076 impudice,

214 1095 281 1162 oito
303 1094 393 1160 oanis
415 1091 612 1176 impudicus,
765 1142 768 1147 .
800 1091 842 1152 25

215 1197 374 1265 eastitatis
395 1195 559 1277 inimicus,

214 1301 250 1366 in
271 1301 386 1366 eouleo
409 1297 563 1385 suspendi

216 1402 433 1488 tepraeoepit
455 1409 489 1466 et
511 1401 658 1485 extendi,
788 1439 789 1444 κ

214 1503 335 1588 pedum
355 1503 476 1587 plantis
503 1521 629 1568 sursum
650 1503 757 1567 versis

216 1612 251 1672 ot
274 1606 401 1690 capillis
421 1603 506 1669 iufra
529 1605 669 1689 spersis;
715 1677 726 1700 .

216 1711 265 1776 sio
288 1727 447 1793 suspensa
469 1705 648 1790 flagellaris
683 1705 687 1770 ἶ

217 1820 252 1877 et
274 1831 347 1878 oum
369 1811 472 1896 virgis
494 1810 690 1876 verberaris.

214 1913 358 1983 Possunt
380 1914 454 1980 huio
476 1911 681 1999 suspensioni

217 2016 331 2094 tarnis,
349 2033 478 2098 queque
501 2015 640 2078 tensioni

217 2121 285 2184 illa
306 2137 424 2204 preees
445 2117 612 2202 adaptari,

214 2222 307 2304 'quod
327 2237 394 2285 non
415 2220 520 2304 possit
539 2219 591 2283 fur
613 2216 715 2284 furari

218 2325 348 2405 furtum,
371 2323 426 2387 vel
448 2323 654 2405 restituatur,

218 2435 275 2510 aut
297 2427 350 2491 fur
372 2426 443 2510 ipse
466 2424 698 2507 confundatur,

219 2536 255 2593 et
275 2529 354 2610 bet,
377 2527 410 2592 in
433 2544 623 2610 quacunque
646 2525 741 2592 demo

219 2639 255 2698 ts
278 2630 424 2714 depinxit
445 2632 518 2714 pius
541 2629 646 2696 home.
803 2632 846 2695 to
1153 2633 1277 2712 quarta.

221 2767 324 2836 Salve
346 2769 477 2836 viotima
500 2771 613 2853 beata,
718 2823 724 2833 .
823 2817 829 2820 -
901 2767 1002 2834 Salve
1026 2774 1192 2851 oonstaus,
1216 2768 1379 2850 animosa,

221 2877 255 2942 in
277 2891 393 2940 eruore
414 2882 626 2957 oenseorate,
745 2903 749 2912 ·
902 2878 945 2944 ad
968 2859 1154 2942 oonflioturn
1172 2877 1346 2958 roborosa,

220 2979 445 3046 holocaustum
467 2979 531 3045 deo
553 2979 681 3063 plaees,
881 2984 943 3064 in
958 2982 1092 3056 torturis
1112 2981 1158 3044 nil
1179 2997 1375 3065 pavescens,

224 3080 267 3146 ad
289 3080 492 3147 rnaotanduru
513 3098 619 3166 prona
636 3081 739 3166 jaoes.
891 3081 946 3151 'ad
969 3083 1146 3169 opprobria
1168 3084 1356 3164 mitesoens3

221 3185 320 3254 adest
342 3188 420 3249 e'ooe
438 3184 509 3267 jam
531 3191 668 3268 septena
806 3185 848 3248 45
903 3205 990 3252 nona
1011 3205 1109 3270 poena
1125 3184 1195 3268 jam
1217 3183 1378 3266 sueoedit,
1482 3189 1526 3256 85

223 3289 271 3355 tui
293 3288 454 3354 oruoiatus
475 3307 603 3372 peona,
751 3344 756 3353 .
905 3307 978 3371 quae
1002 3295 1034 3352 te
1057 3304 1185 3368 quoque
1208 3287 1300 3351 nimis
1323 3286 1462 3371 laedit,.
1525 3343 1529 3350 .

223 3393 319 3470 unois¹
339 3408 417 3457 earo
439 3391 603 3456 laboratur
636 3459 638 3462 ,
704 3393 707 3402 ’
905 3411 1010 3458 vorax
1031 3393 1126 3477 lupus
1150 3393 1193 3482 ad
1215 3409 1366 3472 eruorem

224 3502 260 3560 et
280 3494 462 3579 pectinibus
484 3493 629 3558 ineatur.
903 3503 969 3562 tuae
993 3495 1099 3561 earnis
1124 3497 1313 3580 ampliorem
1435 3535 1438 3540 ‚

225 3599 313 3665 seori
334 3605 414 3667 tuno
433 3597 558 3664 erueris
581 3595 678 3660 stillae
905 3597 988 3679 sitit,
1011 3598 1157 3679 quamvis
1179 3599 1393 3684 morassatus,

219 3702 327 3772 diuum
350 3720 392 3765 ex
412 3699 580 3785 puncturis
600 3699 706 3781 mille,
809 3699 850 3774 50
904 3698 1046 3766 nondum
1068 3701 1173 3782 poenis
1195 3708 1367 3786 saturatus.
1482 3706 1528 3770 00

152 3840 154 3844 ·
226 3811 330 3888 guttae
352 3803 475 3868 etdlant
496 3803 711 3884 inoessanter‚
900 3801 998 3884 jubet
1019 3801 1102 3866 oaedi
1124 3809 1212 3868 tuum
1233 3805 1355 3869 vultum

225 3899 338 3974 manat
359 3906 492 3988 sanguis
514 3903 753 3983 habundanter,
905 3903 1094 3971 baculorum
1115 3905 1223 3990 plagis
1245 3889 1423 3994 multum,'
1505 3884 1526 3944 .'

229 4012 333 4083 solum
357 4025 506 4093 sparsum
528 4006 726 4085 madidetur,
907 4026 985 4073 earo
1009 4007 1101 4076 vultu
1123 4011 1171 4076 sio
1191 4029 1229 4075 es
1252 4029 1340 4078 oaesa
1475 3996 1478 4001 ’

106 4127 109 4131 ’
225 4116 293 4180 faex
316 4121 436 4179 eruore·
455 4117 661 4195 purpuratur.
907 4112 995 4176 nulla
1017 4132 1159 4196 parsque
1182 4112 1219 4179 fit
1240 4115 1351 4184 illaesa.

219 4217 301 4288 Hali
322 4210 514 4278 lacerationi
811 4212 853 4274 55
900 4211 1126 4300 ¹Applioentur
1147 4217 1222 4284 buio
1244 4237 1380 4290 ooesurse
1444 4277 1446 4280 .
1490 4226 1530 4288 95

227 4329 263 4386 et
286 4317 409 4386 earnali
424 4315 580 4382 ,soissieni
907 4327 973 4384 tuae
994 4339 1128 4404 preees,
1149 4324 1306 4407 pariturae

227 4425 283 4490 hio
305 4427 440 4504 rogatus
462 4417 654 4503 adaptatur,
762 4465 767 4476 .
908 4423 1004 4506 gravi
1025 4429 1121 4506 partu
1142 4443 1184 4488 ne
1206 4426 1374 4494 eaedanur

127 4590 130 4595 ,
227 4525 336 4600 nullus
357 4525 478 4606 infans,
501 4523 556 4606 qui
577 4529 746 4607 naseatur,
825 4601 828 4606 ¹
908 4524 1138 4609 phantasmali,
1160 4547 1223 4594 neo
1244 4538 1434 4612 promantur
1480 4573 1484 4582 ·

181 4700 185 4706 ,
228 4635 398 4699 naturatus
420 4627 610 4712 imperfecte
832 4699 834 4704 .
908 4629 1042 4710 laesione
1064 4629 1138 4698 fuso
1154 4629 1255 4714 fletu,

199 4729 288 4806 'mt
302 4731 465 4806 ,formatus
486 4729 655 4800 indireete
812 4729 855 4793 00
903 4733 969 4798 ¹sed
991 4733 1159 4817 quieseant
1180 4736 1255 4802 sine
1271 4745 1367 4806 metu.
1467 4739 1533 4804 200
