3338 5324
184 299 291 395 'aro

224 505 326 584 Salve
347 514 477 582 victima
499 516 615 596 beata,
904 509 1005 579 Salve
1027 511 1112 578 mitis
1135 518 1168 576 et
1183 511 1344 594 venusta,
1393 505 1404 548 ³

224 621 259 686 iu
281 635 398 686 oruoro
416 622 651 699 consummata,
904 615 1056 699 simplex,
1077 615 1205 703 patiens
1229 622 1262 679 et
1279 615 1388 699 justa,

225 723 364 808 petimus
387 719 560 786 dilacerari
903 717 997 784 salve
1018 717 1131 782 mortis
1153 719 1352 801 superatrix,

224 831 369 889 nostrum
392 839 511 907 corpus
534 827 568 886 et
589 809 701 887 fricari
757 839 760 848 ·
810 821 851 884 60
901 822 999 889 uobis
1020 822 1066 886 sis
1091 821 1274 886 auxiliatrix

224 1011 289 1076 Per
310 1017 487 1095 puncturas
509 1007 747 1093 arpennales,
903 1010 1005 1098 Apud
1027 1009 1206 1092 Christum,
1225 1011 1280 1094 qui
1303 1018 1464 1078 tantorum
1486 1013 1530 1080 85

224 1140 267 1184 ue
289 1136 349 1184 uos
370 1124 518 1203 pungant
539 1117 728 1198 aeteruales,
902 1117 937 1181 in
958 1115 1120 1200 pressuris
1143 1113 1390 1180 tormentorum
1502 1191 1505 1197 ¹

226 1230 260 1288 et
281 1223 314 1286 iu
338 1211 437 1288 o'orde
460 1221 507 1286 sio
529 1219 716 1304 compungi,
741 1279 743 1286 .
903 1227 937 1284 te
960 1219 1147 1286 confortans
1169 1216 1313 1284 visitavit

223 1327 283 1393 tibi
304 1324 391 1409 quod
409 1324 570 1409 possimus
588 1323 694 1407 jungi.
904 1340 968 1407 pro
991 1330 1023 1388 te
1046 1339 1174 1406 quoquo
1197 1320 1369 1410 dimicavit.

224 1517 326 1584 Salve
347 1522 474 1600 martyr
495 1521 529 1578 et
550 1512 690 1594 invicta,
810 1511 851 1575 65
906 1511 961 1578 Sis
983 1514 1016 1578 in
1038 1490 1261 1580 tribulatione:
1520 1591 1525 1598 ι

224 1619 347 1696 Christi
369 1600 490 1701 sponsa
511 1613 699 1695 benedicta,
904 1616 999 1684 nobis
1022 1623 1173 1682 constans
1195 1625 1229 1680 et
1251 1633 1372 1700 agone,
1488 1613 1530 1678 90

222 1732 256 1788 te
277 1727 410 1807 petente
432 1719 526 1785 nobis
548 1719 657 1800 detur,
905 1718 1035 1804 quaudo
1058 1739 1166 1785 sumus
1188 1720 1335 1784 morituri

224 1833 341 1892 utoor
362 1831 507 1890 nostrum
529 1822 743 1888 inflammetur
904 1843 948 1888 ex
969 1821 1033 1888 hoc
1055 1823 1180 1920 mundo
1197 1822 1379 1904 transituri,
1491 1875 1496 1882 .
1518 1879 1520 1884 .

222 2014 261 2081 Iu
283 2031 393 2080 amore
416 2028 645 2095 supernorum,
838 2011 842 2024 '
903 2008 947 2076 Ut
969 2029 989 2073 a
1011 2008 1106 2074 clade
1128 2009 1222 2073 malae
1244 2009 1357 2074 mortis
1407 2083 1411 2089 ¹

224 2113 362 2204 flammae
386 2132 514 2197 quoque
536 2113 687 2177 vitiorum
768 2171 774 2184 ,
809 2113 850 2175 10
904 2129 964 2178 nos
987 2111 1141 2176 defendat
1164 2112 1245 2176 deus
1266 2111 1361 2178 fortis
1427 2109 1431 2114 '
1471 2103 1473 2108 ’

223 2216 287 2280 tuis
310 2215 415 2278 servis
437 2213 681 2294 extinguantur,
850 2249 854 2254 ·
903 2223 937 2281 et
960 2217 1121 2282 concedat
1141 2214 1239 2280 finem
1261 2217 1393 2298 bouum,
1488 2215 1529 2279 95

223 2319 278 2402 qui
299 2326 332 2383 te
355 2317 456 2385 corde
477 2324 683 2382 venerantur.
903 2320 991 2403 quod
1013 2327 1185 2405 estsuper
1207 2338 1301 2384 omne
1323 2320 1450 2388 donum.

223 2506 325 2574 Salve
347 2515 514 2590 constans,
538 2492 683 2572 animosa
902 2507 948 2576 Ut
968 2518 1106 2594 peooata
1128 2509 1304 2576 defleamus

224 2614 258 2677 iu
282 2619 468 2697 conspectu,
490 2613 611 2677 rubens
633 2629 720 2694 rosa,
903 2621 938 2678 et
959 2621 1035 2697 post
1054 2621 1159 2680 tecum
1182 2613 1397 2698 gaudeamus,

226 2715 280 2781 fao
301 2723 337 2780 ut
359 2714 597 2780 salutiferorum
808 2714 850 2776 ts
904 2714 1009 2781 donec
1031 2723 1064 2780 te
1085 2716 1310 2799 patrocinante

224 2819 334 2904 plagis
356 2818 615 2902 poenitentiarum
846 2891 853 2900 ‚
902 2821 996 2887 nobis
1020 2829 1054 2886 et
1079 2821 1324 2915 interpellante,
1467 2817 1529 2884 100

222 3007 262 3073 ru
282 3005 345 3072 uae
366 3005 435 3071 voa
456 2991 608 3071 secamur
815 3042 820 3047 -
903 3007 1064 3091 Quidquid
1082 3007 1173 3091 jaso
1195 2990 1373 3090 rogitamus

224 3111 452 3194 propeccatis
474 3117 508 3174 et
530 3107 730 3193 scindamur,
904 3120 959 3179 aut
981 3130 1116 3178 necesse
1138 3110 1354 3196 postulamus,

224 3220 260 3277 ut
281 3210 336 3278 hic
357 3214 544 3297 poeuiteudo
567 3214 646 3279 caesi
904 3222 940 3279 ut
962 3215 994 3278 in
1017 3213 1141 3278 cunctis
1156 3212 1359 3298 ,adjuvamen

224 3334 409 3382 maneamus
431 3301 508 3382 tuno
528 3317 631 3382 illaesi.
807 3317 849 3382 80
904 3334 1033 3401 semper
1056 3314 1239 3392 sentiamus.
1271 3333 1373 3379 amen.

315 3495 363 3550 tls.
388 3509 423 3549 au
440 3493 597 3550 Karlsruhe
624 3509 651 3551 o.
668 3493 721 3552 No.
739 3511 797 3553 sou
815 3496 956 3553 1uto.·Bt.
976 3497 1034 3550 129.
1052 3493 1126 3551 ohne
1145 3483 1462 3578 Stropireuairtheiluug.

228 3649 231 3654 -
317 3617 353 3672 18
371 3615 452 3672 deum
470 3613 545 3672 oeni.
563 3618 610 3673 lis
659 3583 695 3673 16
711 3619 873 3692 ponderosa
891 3652 922 3662 -
942 3623 1079 3688 tenemur,
1096 3618 1144 3674 Es,
1194 3617 1228 3672 31
1247 3613 1460 3686 profundamus,
1479 3615 1528 3672 Hs.
1605 3633 1608 3642 ·

223 3706 266 3759 ,14
284 3703 314 3758 iu
330 3699 410 3758 fehlt.
455 3703 490 3758 62
508 3720 632 3778 pungas,
650 3703 698 3761 Iis.
742 3707 779 3760 67
795 3698 949 3781 repentes.
966 3710 1024 3778 pet
1041 3705 1089 3762 Hs.
1133 3704 1169 3759 68
1186 3707 1228 3772 et,
1246 3703 1294 3758 Hs.
1330 3705 1366 3758 rt
1380 3701 1461 3772 robe,
1480 3701 1528 3760 iis.

228 3792 262 3846 91
281 3788 454 3860 sumsimus,
473 3790 523 3848 Hs.

574 4160 669 4235 896.
706 4159 833 4234 Oratio
858 4161 902 4235 de
928 4189 956 4234 s.
983 4161 1178 4236 Dorotheu.

226 4406 328 4473 Salve
350 4414 464 4472 seuota
485 4405 666 4492 Dorothea,
776 4479 779 4484 ,
903 4410 1016 4494 Virgo·
1031 4408 1174 4493 prudens
1196 4414 1230 4471 et
1251 4406 1403 4490 formosa,
1508 4407 1528 4469 5

225 4509 301 4604 audi
324 4526 436 4592 quaeso
456 4516 534 4573 vota
555 4529 643 4593 mea,
902 4511 1049 4598 paradisi
1070 4527 1211 4575 vernans
1232 4527 1330 4593 rosa,

225 4620 361 4697 propter
380 4621 468 4678 tuam
489 4615 673 4702 passionem
695 4597 697 4604 ’
815 4669 819 4678 .
904 4616 995 4679 salve
1018 4616 1132 4698 virgo,
1156 4632 1277 4698 sponsa
1299 4612 1435 4697 Christi,

225 4732 329 4779 meum
351 4718 470 4784 bouum
491 4720 545 4786 fao
568 4739 715 4806 agonem.
903 4727 939 4785 tu
961 4725 1028 4785 tres
1050 4720 1161 4785 hostes
1185 4737 1258 4802 quae
1280 4719 1403 4801 vicisti,
