3332 5318
581 749 666 824 750.
706 752 764 822 lle
791 776 862 823 uno
889 751 1101 824 consessore.

188 951 371 1038 Gratulare,
395 973 516 1039 sponsa
534 952 672 1040 Christi,
865 954 1009 1020 Caritate
1031 956 1201 1038 rutilabat,

187 1077 261 1142 qnae
283 1077 345 1141 per
368 1056 466 1121 fidem
489 1057 629 1139 genuisti
865 1060 1004 1123 veritate
1027 1057 1234 1140 fulminabat,

187 1162 294 1225 virum
316 1161 397 1225 tanti
418 1161 573 1244 nominiS,
865 1169 993 1226 terrens
1016 1161 1234 1226 adversarios.

186 1349 225 1414 In
248 1365 311 1431 qno
333 1354 428 1430 pater
451 1347 609 1428 gloriatur
865 1349 953 1416 Ecce
975 1350 1101 1447 Joseph
1124 1351 1319 1434 fortunatus,
1449 1354 1491 1417 25
1611 1353 1616 1360 “

188 1460 222 1518 et
243 1453 379 1517 virtutes
404 1457 572 1536 operatur,
795 1452 813 1512 5
866 1455 917 1518 vir
940 1452 1131 1520 aooresoens
1155 1452 1188 1519 e't
1210 1457 1368 1538 probatus

187 1556 315 1641 galde,
337 1564 442 1622 males
464 1557 590 1622 nobilis·
866 1563 899 1625 in
922 1570 1099 1647 conspectu
1121 1562 1284 1646 principis.

186 1744 311 1810 Plaude
335 1765 447 1826 mann,
471 1762 554 1810 voce
577 1745 697 1828 clama,
866 1751 928 1818 llic
950 1761 1063 1836 aperte
1086 1754 1293 1837 declaratur,

188 1851 386 1915 confessoris
408 1859 524 1934 perte
546 1850 634 1916 lama
868 1874 932 1937 qna
953 1855 1073 1919 virtute
1096 1855 1255 1938 dirigatur

188 1964 317 2020 oresoat
339 1964 372 2019 et
394 1956 567 2037 memoria3
618 2011 619 2016 ,
778 2000 799 2052 .‘
867 1947 929 2021 via'
943 1958 1006 2021 viri
1025 1960 1188 2044 simplicis.
1451 1961 1493 2024 30

188 2145 302 2210 Crevit
323 2145 406 2208 enim
429 2150 504 2208 ante
531 2143 641 2227 deum,
776 2146 816 2240 10
869 2145 895 2209 0
920 2167 1014 2228 qnam
1036 2148 1180 2231 prudens
1204 2156 1238 2213 et
1259 2149 1365 2214 fidelis

190 2249 245 2331 qui
269 2251 400 2314 beatum
422 2248 500 2313 lecit
523 2269 595 2313 eum
869 2250 1089 2334 dispensator,
1113 2251 1222 2333 quiin
1246 2253 1335 2318 ooelis

188 2353 223 2416 in
246 2352 371 2416 ooelesti
393 2352 515 2435 gloria,
870 2362 960 2420 certo
983 2354 1105 2438 gaudet
1127 2355 1234 2439 titulo,

193 2539 296 2626 Cujus
318 2548 472 2625 caputet
494 2540 642 2607 doctrina
816 2569 821 2594 τ
870 2544 934 2611 Ubi
958 2547 1069 2610 lrnens
1093 2546 1263 2626 coelibatu,

192 2646 286 2728 quasi
308 2645 403 2709 stella
424 2646 580 2708 matutina
870 2666 930 2711 nos
952 2648 1103 2712 absolvat
1126 2667 1147 2709 a
1169 2653 1263 2710 reatu
1455 2647 1496 2710 35

192 2749 281 2813 lucet
302 2749 336 2812 in
354 2756 557 2833 perpetuum.
778 2748 817 2809 15
869 2751 983 2815 mortis
1006 2758 1040 2814 et
1056 2749 1213 2833 periculo.

192 2939 259 3005 Per
280 2947 313 3004 te
335 2938 455 3022 flagrat
474 2939 547 3004 haec
569 2939 703 3002 lucerna
869 2936 987 3002 Praebe
1009 2939 1096 3021 pias,
1119 2943 1230 3020 pater,
1254 2954 1367 3019 aures,

189 3046 342 3128 praebens
365 3043 427 3110 iter
449 3041 492 3106 ad
514 3060 673 3125 superna,
871 3042 1110 3122 qualescunque
1134 3059 1222 3105 sume
1246 3039 1379 3131 lauden,

191 3146 272 3211 dous
297 3146 504 3210 exercituum.
870 3144 986 3208 doctor
1009 3145 1236 3225 celeberrime,

190 3333 266 3400 Non
287 3336 320 3399 in
341 3354 421 3399 vase
443 3354 505 3400 neo
527 3336 586 3400 sub
610 3332 695 3397 lecto
868 3331 983 3396 Funde
1005 3351 1122 3416 preces
1145 3331 1233 3416 apud
1256 3330 1429 3410 Christum,
1452 3329 1499 3391 40

192 3437 384 3518 constituta,
407 3435 465 3500 sed
488 3436 521 3499 in
543 3443 631 3500 teoto
777 3433 819 3496 20
871 3441 907 3498 ut
928 3435 1086 3498 instauret
1109 3435 1241 3499 chorum
1263 3432 1359 3495 istum

190 3540 307 3624 proonl
329 3539 449 3624 sparsit
470 3537 588 3601 radios
870 3538 945 3618 paci
968 3537 1199 3601 saluberrimae.

284 3725 314 3780 ln
332 3724 410 3779 einer
428 3723 713 3795 Hymnensammlnng
731 3723 782 3778 der
799 3724 848 3781 lis.
867 3740 902 3777 zu
919 3723 1004 3780 Grata
1022 3727 1084 3796 l2s6
1103 3724 1153 3778 des
1171 3725 1205 3776 12
1222 3721 1321 3778 Jahrh.

286 3849 320 3900 15
337 3850 484 3916 perpetua,
502 3845 550 3900 lis.
580 3847 616 3900 lo
634 3843 720 3914 illum,
738 3845 787 3902 Hs.
817 3845 866 3901 sie
880 3845 1005 3900 schreibt
1019 3846 1091 3900 nach
1105 3843 1292 3901 alterWeise
1308 3840 1417 3898 rotund
1434 3845 1502 3912 apol.

287 3967 320 4022 V.
338 3969 362 4022 8.
389 3965 577 4023 confessores.
605 3966 721 4036 Quoties
739 3967 811 4022 beno
831 3967 896 4038 quid
915 3967 1031 4039 agimus,
1050 3965 1130 4019 deum
1148 3963 1319 4023 confitemur.
1348 3965 1457 4019 Hieron.
1475 3963 1504 4017 iu

194 4072 243 4127 ep.
261 4055 297 4111 ad
315 4057 368 4112 Tit.
388 4059 412 4124 1,
433 4057 474 4110 16.

337 4341 422 4414 751.
459 4340 519 4412 Do
546 4337 752 4448 virginibus.
787 4339 921 4412 Puella
945 4343 1082 4412 turbato
1117 4341 1362 4436 (troparium).

876 4533 907 4595 2.
943 4529 1044 4614 Cujus
1066 4531 1130 4595 ima

941 4633 1043 4699 draco
1066 4653 1199 4699 servare
1224 4640 1337 4720 cautus

948 4738 1097 4820 invigilat
1114 4737 1253 4820 jugiter,
1486 4738 1506 4798 5

193 4581 224 4642 1.
260 4577 390 4645 Scalam
414 4583 456 4649 ad
480 4585 581 4650 ooelos

261 4687 459 4773 subrectam,
484 4691 652 4755 tormentis
676 4690 822 4770 cinctam,
