3338 5324
537 753 621 827 932.
655 753 712 823 De
739 777 767 823 s.
792 752 995 824 Franciseo.
1030 749 1189 850 hymnus.
1306 799 1312 816 ,

212 987 327 1052 Proles
351 984 392 1049 de
415 983 499 1049 eoelo
522 981 642 1066 prodiit
892 1001 987 1066 quem
1008 980 1106 1066 hujus
1129 999 1194 1048 non
1213 981 1360 1078 deseruit
1426 1040 1430 1046 .
1479 985 1520 1048 15

212 1090 308 1154 novis
330 1094 424 1152 utens
446 1083 620 1169 prodigiis,
892 1105 1008 1152 nomen
1030 1087 1086 1150 vel
1108 1104 1201 1152 omen
1224 1087 1370 1152 nominis.

211 1191 327 1255 ooelum
350 1189 447 1254 oaeois
470 1186 636 1270 apperuit,

212 1292 307 1357 sisois
330 1310 420 1355 mare
443 1288 604 1372 vestigiis,
891 1271 992 1356 Legi,
1015 1271 1206 1357 Ρῐθρὴθῐῶ,
1229 1275 1345 1356 grati'ae

893 1382 1020 1458 gratum
1044 1394 1163 1458 gerens
1187 1379 1391 1459 obsequium,

212 1479 370 1566 Spoliatis
393 1475 571 1562 Aegyptiis
819 1473 837 1532 5
893 1477 1043 1542 trinitatis
1067 1477 1207 1542 otfioium

211 1585 329 1650 transit
345 1583 458 1665 dives,
482 1580 541 1645 sed
565 1579 718 1665 pauperis
892 1580 977 1644 festo
998 1581 1132 1646 solemni
1155 1584 1316 1667 celebrat,
1476 1589 1519 1654 20

212 1707 364 1752 neonem
387 1705 449 1749 neo
471 1703 588 1749 nomen
610 1681 767 1767 perdidit,

214 1792 319 1857 iaetus
341 1791 421 1856 felix
444 1808 504 1874 pro
528 1789 662 1853 miseris.
893 1769 974 1836 Cum
996 1781 1130 1857 reparat
1152 1775 1324 1841 virtutibus

892 1877 1013 1961 hospes
1036 1878 1138 1958 tripes
1161 1878 1333 1961 hospitium

212 1977 409 2062 Assumptus
431 1997 503 2043 eum
527 1976 683 2061 apostolis
893 1988 926 2044 et
943 1983 1112 2046 beatorum
1136 1983 1287 2047 mentium

212 2085 246 2149 in
267 2089 407 2148 montem
430 2081 507 2145 novi
530 2078 677 2159 luminis,
799 2076 840 2141 10
892 2085 967 2150 dum
990 2085 1143 2170 templum
1168 2085 1300 2150 Christo
1323 2095 1505 2153 consecrat.

211 2188 244 2250 in
267 2186 468 2270 paupertatis
494 2182 628 2267 praediis

212 2287 343 2355 Christo
365 2289 558 2354 Francisous
581 2283 685 2351 intulit
892 2273 1043 2354 Domum,
1064 2281 1192 2356 portam
1216 2280 1248 2338 et
1270 2274 1437 2357 tumulum,
1476 2271 1518 2337 2⁵

891 2383 986 2460 pater
1009 2375 1199 2458 Franoisoe,
1223 2378 1334 2458 visita,

212 2479 283 2548 liae
305 2482 367 2546 tria
390 2477 619 2559 tabernacula,
892 2487 925 2542 et
945 2478 1026 2544 Evae
1048 2480 1174 2562 prolem
1193 2480 1342 2544 miseram

211 2593 321 2650 votnm
342 2592 473 2649 secutus
497 2581 637 2646 Simonis
891 2600 912 2645 a
934 2600 1046 2647 somno
1068 2585 1181 2648 mortis
1205 2584 1320 2649 exeita.

298 2771 347 2826 Hs.
364 2786 423 2826 von
440 2770 469 2826 S.
488 2770 572 2825 Peter
591 2770 694 2825 Nom
712 2786 747 2823 11
767 2767 934 2836 Karlsrnhe,
955 2758 988 2821 15
1007 2769 1105 2824 Jahrb.
1124 2769 1173 2824 mit
1192 2769 1241 2824 der
1255 2767 1384 2822 Melodie.

298 2893 332 2948 V.
351 2895 392 2946 11.
411 2893 520 2948 scheint
538 2891 600 2947 dem
620 2891 704 2947 Liede
725 2889 779 2946 auf
793 2891 847 2945 den
866 2891 890 2943 11
910 2890 1050 2947 Bernhart
1071 2891 1124 2947 No.
1146 2893 1206 2960 851,
1225 2893 1267 2946 21.
1286 2892 1481 2962 naehgeahmt.

534 3212 620 3284 933.
652 3210 756 3282 Beati
782 3209 973 3284 Francisei.
1009 3212 1224 3308 sequentia..
1281 3255 1283 3260 ,

212 3451 398 3518 Gratulatur
420 3471 503 3533 grex
525 3452 682 3517 minorum
826 3435 829 3440 ¹
887 3452 989 3534 largis
1013 3451 1105 3515 donis
1129 3451 1300 3514 sanitatum

252 3555 330 3618 laeta
351 3571 503 3637 promens
525 3560 632 3637 vota,¹
885 3561 887 3566 '
931 3556 1033 3637 pestis
1055 3554 1155 3618 multa
1178 3554 1309 3618 tollitur.

211 3656 304 3741 eujus
328 3656 393 3721 dux
416 3675 592 3740 normaque
615 3676 739 3724 morum

252 3763 360 3829 earnis
382 3763 467 3827 mole
489 3770 577 3828 mota
674 3831 676 3834 ,

253 3866 345 3932 0021ss
367 3885 446 3934 0000
470 3866 573 3932 datur·
816 3869 835 3930 5
889 3822 974 3901 Quot
996 3829 1070 3888 sunt
1092 3823 1212 3904 morbi,
1236 3827 1284 3886 tot
1299 3819 1451 3904 medelae,
1473 3821 1515 3884 15

931 3925 1028 3992 caeeis
1047 3926 1135 3989 visus
1157 3922 1322 4008 redditur,

210 4031 271 4112 Qui
292 4033 400 4116 sigillo
423 4035 536 4099 summi
559 4034 649 4116 regis
888 4030 1011 4098 olandis
1034 4047 1182 4114 gressus,
1205 4029 1256 4093 vis
1279 4027 1418 4110 loquelae

253 4153 352 4200 earne
374 4136 583 4216 eonsignatus
931 4135 1025 4200 mutis
1047 4133 1234 4198 restituitur.

208 4240 269 4304 sub
291 4238 413 4302 vexillo
436 4257 505 4302 suae
529 4237 634 4303 oruois

250 4343 329 4408 tres
343 4342 508 4426 distinguit
532 4348 651 4424 status,

252 4447 367 4530 quibus
390 4447 460 4530 quis
483 4448 609 4520 beatur..
794 4445 834 4509 10
876 4401 1063 4498 'perunctos
1085 4400 1244 4482 vivificat,

886 4510 973 4570 noua
994 4509 1138 4570 membra
1161 4504 1336 4584 construit,
1470 4503 1513 4566 211

209 4607 313 4693 Signa
333 4613 474 4694 probant
497 4612 580 4678 huno
603 4615 749 4694 beatum,
885 4608 1035 4690 leprosos
1058 4605 1222 4690 purificat,

252 4713 360 4795 quiin
384 4714 479 4780 terris
502 4717 632 4800 oolitur,
886 4729 968 4793 quos
990 4710 1043 4779 hie
1067 4728 1131 4778 non
1154 4711 1331 4778 abhorruit.
1412 4777 1415 4782 ,
