3332 5318
373 713 458 788 701.
495 717 600 786 Des.
626 713 769 790 Jacobo
792 718 875 818 maj.
909 720 1153 817 (troparium).

108 928 136 987 1.
170 921 284 992 Gaude
308 918 428 982 Christi
451 937 587 1002 sponsa,

172 1026 268 1108 virgo
292 1031 396 1100 mater
420 1023 573 1102 ecclesia,

106 1218 135 1278 2.
170 1212 262 1277 Omni
287 1232 360 1295 quae
385 1212 425 1276 de
449 1214 579 1277 natione

173 1339 315 1402 generas
339 1321 387 1384 illi
409 1319 493 1384 filios

174 1421 325 1502 cottidie,
395 1423 399 1430 '
717 1422 735 1482 5
775 1411 781 1432 ⁸

743 1514 746 1520 '
789 1519 818 1579 7.
851 1513 1030 1580 Gentilibus
1054 1519 1200 1593 exortus,

172 1557 237 1621 Per
261 1576 342 1638 qucs
365 1558 460 1620 inferi
483 1575 618 1642 superes

173 1670 206 1724 et
231 1662 304 1725 coeli
326 1663 384 1726 tibi
402 1663 535 1745 januam

175 1765 337 1829 concilies.

107 1953 138 2015 3.
173 1951 266 2017 Hanc
289 1952 435 2035 pandunt
458 1953 570 2035 hodie,

176 2072 312 2135 qnorum
334 2054 419 2118 festa
442 2075 635 2119 veneramur
696 2059 735 2119 10

171 2157 245 2220 haec
267 2158 331 2220 duo
355 2158 538 2240 luminaria,

173 2295 201 2362 E
225 2297 339 2378 quibus
362 2295 506 2361 Jacobus

172 2400 204 2462 in
229 2399 347 2464 Judaea
369 2421 430 2482 per
452 2402 588 2464 virtutes

172 2504 294 2567 reluxit
317 2511 349 2566 et
373 2503 538 2584 Samaria,

108 2697 137 2756 4,
172 2690 308 2777 Aegros
331 2681 464 2775 curans,
696 2696 736 2758 15

173 2797 339 2861 daemones
364 2799 497 2881 fugane,

171 2909 317 2966 mortuos
351 2903 384 2966 in
415 2904 520 2968 lucem
551 2905 654 2968 verbo
683 2924 736 2968 re-

472 3026 614 3089 vocans,

171 3126 292 3209 Magos
320 3146 399 3190 sena
549 3127 554 3132 ”

171 3233 307 3296 vincens
333 3231 480 3295 doctrina

172 3332 251 3396 fidei
265 3334 395 3415 paravit
411 3332 512 3397 corda
523 3335 669 3417 plurima.
695 3336 735 3398 20

105 3529 136 3588 5.
172 3524 253 3588 Post
275 3529 311 3586 ut
334 3527 437 3604 agnu's

167 3625 287 3708 jugulo
307 3623 421 3688 ductus

173 3746 209 3791 se
233 3727 388 3810 impendit
408 3727 682 3809 promptissimus,

172 3863 306 3930 Lavans
329 3865 406 3946 agni

173 3967 332 4048 sangnine
355 3967 472 4030 stolam
695 3967 735 4028 25
792 4025 794 4029 ,

173 4071 381 4135 commutavit
403 4077 507 4134 morte
530 4070 639 4133 vitam.

104 4261 136 4323 6.
169 4256 327 4342 Ejusdem
349 4259 426 4323 vilae
490 4295 494 4298 -
557 4277 559 4282 ·

853 925 1008 989 invitatus

854 1028 972 1091 ardore
996 1025 1249 1109 Christophorus

853 1147 924 1212 Hac
946 1149 1018 1231 ipsa
1040 1165 1156 1230 passus
1373 1144 1414 1207 30

854 1259 905 1314 est
928 1252 960 1314 in
984 1250 1037 1312 die

854 1352 914 1415 sed
938 1350 1068 1414 diverso
1091 1358 1246 1433 tempore.

854 1617 913 1681 sed
937 1617 1062 1680 coelitus
1085 1615 1260 1677 instructus

857 1721 983 1801 verbis,
1007 1719 1093 1801 qnod
1116 1717 1317 1802 praedicabat
1374 1716 1414 1776 35

855 1824 956 1905 signis
980 1821 1137 1884 firmabat.

853 1959 991 2025 Aridam
1013 1961 1085 2027 fusa
1107 1977 1207 2044 prece

855 2066 981 2147 virgam
1005 2064 1082 2127 fecit
1104 2063 1239 2144 llorere,

855 2170 981 2234 carceri
1003 2169 1218 2250 mancipatur,

853 2273 955 2354 virgis
980 2270 1121 2336 caeditur.
1373 2270 1415 2332 lo

789 2441 818 2503 8.
850 2439 962 2521 Ignem
985 2439 1205 2521 pertransivit,

853 2541 975 2606 ferrum
998 2541 1081 2605 sicut
1104 2560 1211 2604 ceram
1234 2539 1400 2620 dissolvit,

855 2682 970 2766 eapite
994 2682 1160 2765 plectitur,

854 2789 955 2853 coeles
977 2795 1010 2850 et
1032 2787 1137 2850 victor
1161 2781 1349 2864 ingreditur.

789 2955 818 3017 9.
851 2949 956 3034 Ipsius
981 2969 1041 3033 per
1064 2947 1222 3011 mirabilia
1373 2944 1415 3006 45

855 3054 1063 3120 crediderunt
1086 3052 1184 3114 millia

855 3165 969 3240 quater
992 3155 1156 3236 duodena,

853 3287 925 3350 Rex
949 3303 1086 3367 qnoque.
1111 3284 1165 3365 qui
1187 3301 1259 3345 enm
1281 3279 1394 3363 puniit,

855 3383 957 3470 signis
980 3387 1084 3450 victus
1108 3403 1178 3447 oum
1202 3382 1267 3446 suis

857 3488 954 3553 fidem
977 3486 1163 3571 promeruit.
1373 3482 1414 3544 50

790 3657 840 3719 10.
860 3652 968 3734 'Perge
983 3651 1078 3730 fletu,
1093 3647 1232 3728 Rachel,
1248 3665 1350 3728 genas

859 3759 1011 3842 passione
1034 3773 1164 3833 roseas,

860 3889 947 3966 Quos
970 3887 1126 3970 gemebas
1149 3884 1335 3948 laborantes

860 3991 957 4056 modo
981 3997 1120 4072 regnant
1143 3989 1286 4051 victores

790 4158 840 4220 11.
860 4153 969 4235 'leque
986 4159 1041 4214 tuo
1375 4147 1416 4208 55

861 4251 1086 4320 commendant
1108 4254 1237 4332 sponso.

199 4445 246 4500 Hs.
265 4446 303 4498 im
321 4443 429 4498 Archiv
446 4461 482 4498 nu
502 4443 666 4509 Karlsruhe,
686 4444 719 4494 12
734 4408 836 4496 Jahrh.
855 4441 937 4491 unter
956 4433 1062 4490 andern
1082 4433 1245 4514 Sequanaen
1267 4431 1328 4504 (G).
1365 4429 1413 4484 Hs.

107 4551 144 4588 ru
162 4533 310 4604 Stnttgert
328 4531 401 4586 Bibl.
420 4533 474 4587 No.
493 4534 536 4586 20.
555 4529 575 4586 f.
591 4533 632 4585 66,
652 4533 685 4584 12
703 4528 802 4584 Jahrh.
819 4526 881 4596 (S).

197 4639 370 4708 3onmique
396 4639 449 4696 OS.
501 4641 538 4691 17‘
559 4635 648 4692 verbo
673 4633 745 4690 fehlt
770 4634 800 4690 G.
850 4631 885 4684 26
910 4630 1033 4684 imitatus
1053 4627 1183 4682 ardorem
1203 4625 1231 4680 S.
1281 4625 1316 4676 30
1335 4636 1368 4676 ac
1387 4620 1419 4676 6.-

105 4729 141 4783 35
160 4726 329 4799 predicavit
347 4726 376 4783 S.
411 4727 447 4780 36
466 4723 587 4781 firmavit
606 4724 635 4781 S.
670 4724 706 4778 39
724 4719 920 4790 mancipantur
937 4718 966 4774 0.
1003 4717 1038 4770 ll
1055 4719 1094 4784 ut,
1114 4713 1219 4784 corrig.
1240 4716 1269 4766 et
1287 4710 1317 4766 S.
