3308 5310
101 543 184 610 Nam
207 539 379 624 scriptura
402 538 580 605 auctoritas
707 541 726 602 5

99 653 131 711 et
154 659 251 710 sacra
273 644 392 710 clamat
414 643 554 726 venas,

99 767 219 833 corpus
241 748 388 832 peccatis
411 747 573 816 subditum

99 861 248 926 sanctum
271 851 362 917 odire
386 853 540 936 spiritum.

100 977 210 1096 Furor
233 1038 267 1096 et
288 1029 467 1114 indignatio

101 1135 219 1219 procul
240 1134 322 1200 fiant
343 1137 385 1202 ab
409 1135 532 1218 animo,
685 1136 726 1200 1⁰

98 1256 199 1321 quem
221 1238 332 1304 tutelae
355 1237 566 1304 sanctissimae

97 1341 259 1425 praeelegi
281 1342 488 1406 committere.

98 1519 171 1583 Non
195 1518 303 1584 odium
327 1526 515 1603 exasperet,

94 1623 256 1708 jactantia
278 1641 343 1688 non
366 1623 488 1706 clevet,

86 1727 184 1791 'livor
208 1725 293 1792 edax
315 1743 380 1792 non
399 1734 508 1808 acuat,
685 1727 725 1789 15

103 1827 163 1893 sed
184 1848 252 1911 pax
274 1847 356 1892 vera
377 1827 552 1912 possideat.

98 2009 273 2091 Mundum,
296 2008 325 2072 si
347 2007 447 2090 ridet,
471 2008 607 2093 tugiam,

105 2121 160 2178 aut
182 2113 212 2176 si
234 2112 345 2193 saevit,
367 2112 538 2196 irrideam,

99 2217 188 2298 quia,
212 2216 267 2298 qui
289 2215 378 2280 illum
396 2213 516 2298 diligit,

101 2317 233 2386 Christo
256 2326 408 2384 constare
426 2317 551 2384 desinit.

98 2497 167 2563 Sed
190 2497 335 2562 studiosa
358 2497 455 2562 lectio

99 2610 131 2667 et
154 2610 350 2686 compuncta
371 2603 476 2668 oratio

95 2709 334 2774 incumbentem
356 2709 495 2782 exsatiet

97 2819 129 2876 et
151 2812 331 2877 haerentem
353 2812 499 2878 inebriet.

97 2995 187 3060 Ante
209 2995 326 3058 mentis
348 2977 493 3058 intuitum
528 3053 530 3058 .

98 3099 212 3163 mortis
236 3115 364 3161 versem
387 3098 550 3179 aculeum,

98 3208 130 3265 et
153 3201 196 3264 sit
218 3207 310 3263 tanto
333 3200 532 3283 suspectior,
647 3203 649 3208 ’

96 3311 219 3387 quanto
241 3309 350 3367 manet
372 3303 538 3368 decultior.

98 3486 262 3568 osnesu,
286 3507 346 3551 rex
369 3487 538 3567 altissime,

96 3607 116 3653 o
138 3589 214 3652 lons
237 3587 484 3670 misericordiae,

98 3691 213 3755 horam
236 3693 348 3755 mortis
366 3693 543 3757 terribilem

95 3814 157 3878 pro
181 3813 242 3877 spe
264 3798 352 3862 bona
373 3795 427 3861 lac
449 3795 585 3864 facilem.

95 3957 225 4024 Secura
247 3962 446 4025 conscientia

95 4081 161 4127 non
184 4064 230 4128 ibi
247 4064 380 4128 multum
405 4063 563 4149 trepidat,

100 4187 177 4231 nam
200 4186 259 4251 spe
282 4169 371 4233 facta
388 4169 552 4235 robustior

101 4271 237 4334 multum
260 4270 375 4334 transit
396 4271 604 4336 constantior.

99 4431 174 4498 Non
197 4432 286 4497 aliud
308 4434 350 4497 sit
372 4433 525 4517 gaudium

99 4537 155 4600 vel
176 4555 283 4600 meum
306 4536 516 4621 desiderium,

102 4659 198 4721 quam
221 4648 258 4705 ut
279 4648 395 4706 exutus
418 4658 559 4724 corpora

99 4743 157 4808 tibi
177 4743 302 4828 possim
325 4745 487 4810 assistere.
683 4747 727 4810 dd

140 4872 225 4926 stunc,
242 4872 328 4920 tateln.
345 4875 467 4932 nymnos.
491 4875 535 4920 111.

781 539 890 606 0vcs
913 541 1067 608 coelorum
1088 519 1221 624 incolae,
1320 626 1324 630 Π
1396 615 1400 622 ,

781 643 870 708 cives
894 661 1044 728 supernae
1062 643 1213 746 patrita,

781 748 836 832 qni
853 747 923 832 jam
946 747 1009 812 deo
1031 747 1190 832 fruimini,

685 915 687 922 ,
782 851 875 916 nobis
898 852 1145 936 compatiamini.

780 1029 924 1096 blichael
945 1031 977 1094 in
1001 1031 1187 1098 scelestibus

781 1133 836 1216 qui
857 1132 1036 1217 praefnlges
1060 1131 1260 1216 agminibus,

779 1251 841 1317 pro
863 1233 1000 1318 speciali
1022 1233 1130 1316 gloria

667 1385 669 1394 ,
780 1337 874 1402 nobis
896 1335 1009 1401 confer
1030 1336 1156 1402 solatia.

776 1519 915 1606 Angeli,
939 1541 1019 1605 quos
1043 1523 1236 1607 gravissima

777 1627 884 1692 carnis
907 1646 971 1693 non
993 1629 1111 1712 premit
1133 1629 1279 1710 sarcina,

777 1737 870 1795 orate
892 1748 955 1814 pro
976 1730 1159 1795 hominibus
1290 1729 1294 1736 '

778 1836 839 1900 sub
862 1853 902 1898 ea
919 1825 1152 1900 laborantibus.

776 2009 961 2095 tobannes,
982 2021 1092 2077 vatum
1115 2013 1269 2094 manime,

777 2115 943 2199 precantis
964 2119 1068 2182 verba
1090 2118 1222 2202 excipe,

777 2227 811 2283 et
832 2221 1063 2306 prophetarum
1086 2240 1252 2286 numerum

777 2323 906 2392 adhoc
929 2327 1033 2391 ascito
1054 2326 1185 2390 socium.

775 2499 890 2587 Patre,
912 2508 1056 2591 piscator
1078 2507 1257 2588 hominum,
1307 2504 1309 2512 ’
1358 2586 1360 2592 ¹

776 2619 810 2675 et
830 2611 934 2675 Paule
956 2609 1071 2675 doctor
1093 2603 1254 2691 gentium,
1385 2625 1388 2632 ’

776 2735 848 2781 cum
871 2713 989 2779 ceteris
1013 2712 1169 2796 apostolis
1397 2787 1402 2806 .

777 2837 840 2904 ope
858 2816 980 2906 juvate.
993 2815 1108 2882 celeri..
1226 2897 1230 2904 ,
1265 2891 1269 2900 ι
1358 2813 1400 2878 60

776 2998 945 3084 Stephane
967 3019 1040 3064 cum
1060 2993 1253 3078 Laurentio,

775 3121 894 3185 magno
914 3101 1044 3186 praelati
1066 3102 1198 3184 merito,

775 3224 848 3270 cum
870 3205 971 3296 multa
994 3206 1095 3270 turba.
1111 3209 1290 3284 martmum

774 3327 926 3390 maguum
948 3307 1033 3370 ferte
1054 3305 1251 3389 praesidium.

776 3490 846 3554 Vos
868 3487 1073 3552 confessores
1094 3481 1240 3562 inclitos,
1360 3479 1402 3543 65

775 3593 897 3658 invicta
918 3587 984 3652 lide
1006 3583 1178 3670 praeditos,

777 3711 987 3779 nequaqnam
1003 3687 1236 3768 obliviscimur,

778 3798 839 3862 sed
861 3797 979 3863 obnixe
1003 3792 1218 3880 deposcimus,

718 3991 720 3996 ·
778 3962 822 4028 Ut
845 3963 900 4046 qui
922 3981 982 4045 per
1007 3955 1210 4042 temporalia*
1328 3969 1330 3974 ·
1379 3943 1384 3958 '

778 4065 939 4132 transistis
963 4071 995 4128 et
1014 4061 1160 4144 fragilia,
1305 4155 1306 4161 ἵ
1364 4054 1407 4121 to

778 4170 884 4236 adbuc
905 4185 966 4251 pro
990 4163 1232 4231 decertantibus

777 4281 868 4340 tanto
890 4271 1015 4335 instetis
1037 4267 1226 4353 promptius.

650 4495 657 4500 .
717 4481 718 4487 κ
778 4435 911 4520 Agnes,
934 4433 1070 4516 Thecla,
1095 4428 1241 4512 Oaeciba,

778 4537 880 4605 Lucia
903 4558 943 4603 ac
965 4533 1164 4600 Scolastica‘

779 4649 814 4706 et
832 4660 942 4707 omnes
965 4647 1088 4705 sanctae
1109 4635 1254 4719 virgines

778 4763 841 4828 pro
863 4745 956 4809 nobis
979 4750 1063 4809 state
1085 4739 1260 4824 supplices.

1148 4844 1170 4906 2

1343 4623 1406 4693 tta
