3294 5322
243 289 311 354 m

835 517 840 528 ·
922 473 1012 540 Sana
1034 477 1165 540 morbos
1188 481 1222 540 et
1243 477 1439 561 languores,

245 588 279 646 et
302 590 442 664 purgato
465 581 573 646 cordis
595 579 673 644 tella
923 599 1001 645 cura
1023 573 1133 662 pestes
1156 587 1191 644 et
1211 579 1344 646 colons

289 684 351 749 deo
375 702 435 749 uos
456 686 611 766 concilia,
964 683 1107 764 fugaque
1130 681 1304 765 daemonia,
1514 687 1557 748 15

247 785 345 852 iunde
368 805 485 869 preces
506 802 568 870 pro
590 786 752 870 peccatis,
829 787 869 852 10
921 787 1056 870 placens
1079 785 1141 850 deo
1164 787 1261 870 placa
1285 786 1395 870 deum,

245 897 355 953 uotam
378 888 451 952 dele
473 891 660 972 pravitatis,
920 909 962 954 ne
985 889 1178 956 condemnet
1200 893 1328 975 plasma
1350 913 1443 958 reum

288 1001 322 1058 et
343 1001 482 1058 mentem
504 985 635 1060 irradia.
964 997 1072 1060 caruis
1095 1001 1171 1080 post
1194 997 1301 1061 exitia.

239 475 358 548 Foedae
380 476 487 542 carnis
508 475 603 540 luxus
626 475 713 558 pelle

329 1177 376 1233 tls.
397 1195 431 1233 au
448 1180 547 1247 namu,
567 1184 639 1252 Arrg.
659 1181 711 1237 No.
732 1183 792 1236 139.
810 1181 853 1238 ΒΙ.
873 1179 1000 1236 180.'des
1019 1182 1170 1238 tutaturi.

329 1304 363 1357 12
381 1302 535 1372 iracundia,
554 1303 602 1358 lis.
897 1302 900 1309 '
953 1281 956 1288 ⁴

328 1461 379 1516 ltin
408 1433 527 1516 anderes
550 1459 620 1514 Lied
646 1457 700 1514 aut
724 1459 820 1514 diesen
843 1459 974 1530 lleiligou
997 1459 1025 1512 iu
1048 1460 1064 1511 5
1089 1457 1232 1528 stropium
1256 1458 1307 1513 mit
1330 1457 1392 1514 dem
1416 1456 1552 1533 Auiang:

242 1549 353 1620 Martyr
375 1548 421 1602 dei
445 1547 561 1620 egregie
586 1548 662 1602 steht
684 1547 714 1600 iu
738 1547 768 1600 A.
786 1546 852 1612 Muji
874 1561 940 1601 uov.
960 1545 1027 1612 bibl.
1046 1549 1158 1614 patrum
1183 1544 1209 1611 l,
1232 1547 1253 1600 1.
1279 1560 1306 1615 p.
1326 1546 1387 1600 201.
1411 1562 1464 1604 aus
1485 1549 1554 1604 dem

242 1639 276 1691 11
295 1636 394 1691 Jahrb.

449 1918 558 1993 1150.
597 1917 636 1990 S.
664 1915 866 2016 Sebastiaui
889 1917 1050 2016 martyris
1085 1917 1328 2015 (troparium).

920 2123 950 2185 5.
981 2119 1024 2186 itt
1046 2120 1109 2185 deo
1132 2119 1291 2186 reddebat
1314 2121 1458 2207 animas,

985 2244 1065 2306 quas
1089 2221 1244 2308 captabat
1266 2234 1434 2319 satanas,'·
1507 2231 1549 2294 20

244 2129 275 2192 1.
306 2123 419 2208 ilignis
442 2125 634 2189 extollamus

257 2253 262 2260 ·
307 2227 471 2310 laudibus,
495 2223 669 2306 carissimi,

307 2365 409 2450 Regis
432 2365 546 2430 aeterni
570 2364 727 2445 gratiam,

309 2489 383 2551 quac
406 2468 462 2533 dat
483 2468 624 2552 palmam
647 2473 680 2531 et
702 2467 849 2550 gloriam,

984 2376 1200 2464 Athletasque
1223 2382 1277 2446 dei
1300 2382 1451 2450 defessos

985 2482 1125 2548 reddidit
1147 2485 1334 2570 intrepidos.

307 2607 352 2674 Et
373 2628 433 2691 per
455 2607 635 2691 triumphos
650 2614 827 2690 martyrum
848 2609 866 2670 5

309 2711 436 2775 confert
458 2712 550 2775 uobis
565 2712 714 2776 solatium
737 2719 770 2776 et
785 2731 867 2793 gau·
920 2724 949 2786 6,
981 2720 1119 2804 El0qu10
1143 2726 1268 2789 parenti

606 2812 702 2913 dium.
730 2853 734 2860 -
918 2875 922 2882 .
985 2826 1048 2891 hoo
1070 2829 1154 2891 bene
1177 2827 1323 2892 credenti

984 2929 1170 2994 facultatem
1193 2932 1332 3014 loquelae

244 2977 274 3043 2.
303 2973 355 3040 Ex
378 2993 513 3057 quorum
532 2993 665 3040 numero
685 2976 736 3038 vir
751 2977 867 3040 beatus
1070 3032 1075 3045 ,
1105 3034 1110 3046 ,
1133 3037 1137 3046 ,
1274 3055 1278 3062 ¹

984 3030 1126 3095 reddidit
1148 3051 1257 3115 prece.

281 3080 406 3148 meat
442 3081 535 3146 nobis
572 3075 785 3146 Sebastianus
818 3079 867 3142 iu·

608 3184 730 3266 clytus,
836 3263 840 3270 ἱ

309 3320 439 3387 Amictu
458 3320 639 3406 chlamydis
657 3323 867 3384 obumbratus

309 3436 342 3493 et
373 3430 520 3495 occultus
559 3430 619 3491 sub
650 3427 779 3491 militari
807 3427 871 3491 ha*

986 3182 1137 3248 Geminos
1161 3178 1288 3269 quoque
1311 3189 1432 3254 iratres

986 3296 1019 3351 et
1040 3296 1218 3372 martyrum
1238 3289 1350 3376 plures

984 3409 1055 3455 cum
1080 3394 1193 3474 agonis
1217 3412 1339 3460 corona
1379 3443 1383 3450 -

607 3530 683 3594 bitu.
826 3531 865 3592 10
983 3497 1068 3561 misit
1086 3497 1133 3562 'ad
1156 3500 1230 3563 alta.
1450 3534 1458 3544 ,
1505 3509 1545 3570 30

243 3699 274 3764 3.
305 3697 365 3762 Dei
387 3698 458 3763 veri
481 3696 585 3762 cultor
608 3695 762 3761 honestus

248 3789 251 3796 Δ
306 3809 420 3885 gamus
451 3807 521 3864 erat
550 3808 585 3863 et
613 3808 767 3883 acceptus
797 3817 865 3864 om-

607 3905 718 3986 milano,

308 4037 421 4104 Gratia
443 4041 593 4124 perfusus
618 4042 727 4107 diviua

304 4141 427 4225 placuit
448 4144 481 4205 iu
505 4151 574 4208 tota
595 4143 708 4208 Romae
731 4145 829 4210 curia.

239 4333 271 4396 4.
301 4330 363 4396 Hic
386 4333 507 4399 amicus
530 4303 601 4397 erat
624 4319 804 4415 principum
823 4332 863 4392 15

306 4439 347 4502 ob
370 4436 468 4502 fidele
490 4436 672 4517 servitium,

303 4573 394 4640 Idem
411 4571 482 4657 jam
502 4571 637 4636 Christo
659 4569 806 4637 sedulum

304 4680 480 4745 exhibebat
499 4677 655 4763 officium,

918 3744 947 3804 i.
980 3740 1175 3824 Imperatori
1198 3742 1327 3806 taudem

983 3847 1044 3944 vir*
1058 3845 1111 3909 dei
1134 3853 1184 3909 est
1206 3847 1368 3930 proditae,

953 4023 958 4032 ·
983 3985 1026 4052 Ut
1049 4007 1124 4051 reus
1147 3989 1285 4067 sistitur,

968 4092 1113 4174 sagittis
1136 4099 1223 4156 totus
1246 4093 1428 4176 configitur.

983 4228 1041 4293 itis
1061 4227 1171 4313 plagis
1195 4233 1314 4296 curatis
1502 4237 1542 4297 35

984 4331 1073 4396 ocius
1099 4334 1229 4398 sanitati

981 4428 1138 4521 perieoiae
1170 4447 1342 4522 postquam
1380 4447 1430 4504 est
1466 4442 1543 4510 red·

1278 4542 1384 4625 dibus,

980 4675 1075 4744 Ultro
1096 4697 1134 4778 ,⁸⁰
1155 4679 1296 4754 offerens
