3326 5322
238 288 309 388 'aar

243 508 327 575 llaec
348 509 544 574 transfertur
567 506 659 592 Syna
681 514 805 590 monte,
925 508 976 574 Ex
999 510 1104 592 regali
1127 511 1228 594 stirpe
1251 519 1328 576 nata

247 615 338 678 rivus
359 620 468 676 manat
490 613 571 676 miro
594 611 697 695 fonte,
925 613 1039 678 fundat
1062 633 1180 696 preces
1200 615 1262 680 deo
1285 625 1395 699 grata,

248 715 401 800 sepelivit
423 734 494 779 eam
517 721 633 798 sponte
781 721 785 728 '
901 751 903 756 ·
926 731 1030 780 noxas
1052 717 1155 798 pellat
1177 727 1210 782 et
1232 727 1370 800 peecata

291 819 481 902 angelorum
504 817 600 898 legio.
831 816 873 877 20
970 820 1104 901 virginis
1128 823 1240 885 oratio.

249 1046 252 1053 .
282 1045 284 1054 ,
340 1005 388 1060 lls.
408 1023 441 1059 nu
460 1005 488 1060 S.
507 1004 606 1084 Gallen
626 1005 670 1057 No
689 1005 749 1057 457.
768 1005 796 1058 S.
816 1007 875 1060 133.
896 1008 929 1060 13
948 1007 1047 1061 Jahrb.
1066 1007 1121 1088 (G)
1146 1007 1202 1064 und
1220 1008 1392 1064 Karlsruher
1410 1009 1560 1082 Perg-lls.

248 1112 276 1150 o.
304 1095 357 1148 No.
383 1094 442 1162 (K)
474 1093 523 1146 des
557 1095 590 1145 15
617 1092 716 1146 dahrh.
748 1092 799 1147 mit
826 1093 876 1147 der
907 1093 1032 1180 ltlelodie.
1078 1097 1157 1150 Auch
1182 1097 1210 1150 iu
1236 1097 1286 1150 der
1310 1097 1357 1150 lls.
1377 1093 1474 1165 Vl1,2
1503 1099 1558 1151 des
1647 1105 1648 1120 ³

248 1184 283 1236 15
302 1182 400 1236 Jahrn.
418 1197 452 1234 uu
471 1180 500 1235 S.
520 1179 651 1234 Peterin
670 1177 818 1250 Salnburg.

335 1303 476 1355 5summo
495 1317 565 1372 rege
583 1300 617 1354 ll.
664 1301 698 1354 14
718 1316 815 1354 manus
834 1301 870 1370 (i,
899 1301 1034 1372 impunita
1051 1299 1099 1357 fur
1116 1303 1214 1358 inulta,
1264 1307 1297 1358 17
1314 1308 1354 1370 ¹et
1372 1301 1500 1370 firrhaeo
1519 1307 1555 1375 G,

248 1389 300 1443 der
323 1389 401 1442 Reim
430 1386 542 1442 fordert
567 1387 612 1440 ein
637 1387 755 1442 auderes
781 1387 917 1456 Verbum,
944 1394 1032 1442 etwa:
1062 1390 1220 1445 collocatur
1238 1390 1266 1444 S.
1285 1406 1318 1446 m,
1350 1393 1407 1463 vgl
1427 1393 1489 1460 991,
1509 1397 1556 1446 15.

128 1495 131 1499 ·
247 1477 283 1528 22
301 1472 385 1529 funde
403 1475 443 1543 K,
476 1474 553 1528 disse
578 1475 625 1528 lls.
651 1475 701 1528 hat
725 1473 797 1528 auch
824 1472 976 1547 folgenden
1000 1477 1132 1547 Schluss,
1164 1478 1215 1532 der
1233 1478 1311 1532 nieht
1335 1479 1373 1533 nu'
1388 1481 1449 1536 dem
1466 1479 1557 1535 Liede
1596 1485 1604 1498 '

249 1565 432 1718 gehortlaus,
451 1651 543 1704 honor
561 1656 668 1718 sponso
687 1649 827 1720 virginum
983 1653 1030 1723 qui
1048 1670 1100 1708 nos
1118 1651 1283 1707 Katherinae
1297 1655 1408 1709 meritis

356 1741 385 1790 et
404 1751 475 1789 nuuc
494 1741 523 1789 et
542 1735 767 1805 inperpetuum,
978 1739 1134 1811 conjungat
1153 1738 1353 1817 coeligaudiis.

338 1857 370 1911 V.
392 1861 414 1912 1.
437 1856 529 1929 νύμφη
544 1855 679 1942 ΙΧριστοῦ.
704 1857 776 1912 Νον.
794 1860 836 1910 25.

338 1944 371 1996 V.
390 1946 415 1998 5.
434 1942 519 2014 πόθῳ
538 1939 746 2017 πυρπολὸυμένη
763 1943 813 1999 toa]
830 1943 968 2002 ῠεσπότου
986 1967 1038 2002 σου
1056 1950 1101 2001 καὶ
1119 1946 1234 2018 ζητοῦσα
1253 1947 1350 2004 τούτου
1365 1949 1394 2014 τὸ
1410 1948 1557 2022 ἀμήχανον
1647 1947 1648 1950 “

249 2029 348 2094 κάλλος
370 2029 546 2086 θεάσασθαι.
572 2031 639 2084 ibid.
661 2068 663 2076 ,
1540 2037 1542 2042 ’

445 2316 530 2389 990.
565 2316 623 2386 De
648 2341 675 2386 s.
700 2314 905 2388 liutherius.
937 2316 1087 2416 hymnus
1113 2317 1158 2389 ad
1187 2343 1360 2418 vesperas.

248 2519 307 2604 Ad
328 2520 515 2587 Katherinae
538 2525 683 2607 nuptias,
926 2518 1072 2586 Advenit
1094 2530 1127 2587 et
1149 2521 1267 2587 deifica

249 2624 406 2708 pincerna
430 2643 563 2705 quarum
586 2624 733 2690 Christus
757 2634 822 2709 est,
925 2625 958 2688 iu
981 2643 1147 2688 oaroerem
1169 2627 1358 2710 praesentia,

249 2745 354 2790 novas
376 2727 518 2790 ferentes
541 2727 708 2810 lampades
927 2728 1148 2809 agonithetam
1171 2729 1305 2792 visitans
1511 2735 1554 2796 15

249 2845 354 2896 sacrae
376 2831 485 2894 venite
503 2830 660 2912 'virgines
927 2839 960 2895 et
983 2831 1024 2894 ad
1047 2831 1234 2914 palaestram
1256 2835 1423 2900 roborans.

247 3021 286 3088 In
308 3021 459 3102 virginali
482 3010 622 3104 corpore
854 3025 873 3086 5
927 3021 954 3084 0
976 3024 1071 3106 virgo
1094 3024 1163 3088 sole
1186 3027 1321 3107 olarior,

250 3124 363 3207 sponsi
385 3125 433 3186 sui
456 3125 519 3187 fert
543 3125 693 3206 stigmata
927 3125 1096 3208 eonfringe
1117 3138 1261 3194 nostrum
1284 3149 1464 3215 cernerem,

249 3233 284 3291 et
305 3228 391 3291 facta
414 3229 542 3310 pinguis
566 3229 672 3294 hostia
927 3227 1018 3310 cujus
1040 3247 1099 3292 uos
1122 3237 1206 3294 tetra
1232 3233 1362 3296 oseoitas

249 3339 409 3396 tormenta
432 3339 540 3396 cassat
563 3335 677 3400 omnia.
925 3332 1046 3414 lutique
1070 3331 1200 3398 damnat
1221 3333 1365 3419 loeditas,
1506 3339 1552 3402 20

248 3519 286 3586 In
309 3521 450 3584 oaroeris
474 3523 613 3605 ealigine
844 3507 846 3512 ⁸
925 3516 969 3583 Ut
991 3536 1051 3582 uos
1073 3521 1165 3584 laves
1188 3541 1209 3584 a
1232 3521 1401 3604 sordibus,

248 3625 403 3707 templum
426 3624 479 3687 dei
502 3623 576 3689 dum
600 3625 768 3708 clauditur,
832 3627 873 3690 10
925 3623 1014 3686 levet
1036 3627 1133 3689 beata
1155 3625 1281 3689 trinitas

250 3726 382 3790 eoeleste
405 3728 512 3791 lumen
536 3729 652 3792 emieat
925 3735 1002 3809 post
1024 3727 1110 3791 festa
1132 3731 1319 3794 transitoria
1647 3807 1648 3810 ¹

248 3836 283 3891 et
306 3830 409 3894 noetis
431 3835 576 3897 umbram
599 3831 729 3914 effugat.
926 3829 969 3893 ad
992 3833 1181 3912 angelorum
1204 3835 1332 3916 gaudia.
1647 3811 1648 3856 ¹

341 3991 514 4068 llarlsruher
532 4015 578 4069 lis.
595 4032 623 4069 o.
641 4015 694 4070 No.
713 3997 755 4070 Bi.
773 4018 816 4070 45.
836 4017 887 4073 mit
904 4019 955 4073 der
973 4018 1108 4088 Melodie,
1132 4037 1183 4075 aus
1202 4021 1263 4076 dem
1282 4025 1317 4077 ll
1334 4023 1432 4077 Jahrb.
1470 4023 1555 4080 Nueln
1647 4005 1648 4042 ¹

250 4099 345 4155 seiner
358 4100 534 4156 elass'nohen
553 4101 657 4158 lletrik
674 4103 712 4158 ist
730 4104 781 4158 das
799 4104 867 4160 Lied
884 4104 942 4158 viel
961 4105 1042 4160 tilter.

465 4384 550 4457 991.
587 4385 630 4456 lu
657 4385 764 4458 natali
793 4412 819 4458 s.
844 4386 1065 4482 liutherius,
1092 4389 1137 4462 ael
1164 4417 1339 4491 vesperas.

244 4585 452 4654 Gratulemnr
473 4589 505 4652 in
529 4588 652 4655 honore
926 4611 998 4674 quae
1021 4593 1129 4660 divino
1151 4597 1249 4680 plena
1273 4617 1348 4667 rore

287 4688 477 4757 Katheriuae
499 4695 650 4779 virginis,
966 4713 1031 4759 uon
1055 4715 1172 4760 curans
1194 4702 1386 4786 propaginis
