3338 5324
292 539 395 606 Intret
417 540 529 609 urbem
552 537 727 620 Decianus,
751 536 828 606 furit
849 547 945 604 atrox
968 541 1087 623 bestie,
1132 601 1135 609 .

293 642 433 726 spondet
456 661 567 707 necem
591 641 796 726 Christianis,
818 645 944 710 intonet
966 645 1145 728 suppliciu3

293 743 451 811 accersita
474 742 636 828 pronum⁴
658 744 758 812 Fides
782 746 825 811 ad
847 755 1027 830 tyrannum·
1042 748 1185 831 ducitur,
1401 753 1442 816 5⁰

291 849 457 914 immutare
480 849 535 912 vel
553 847 644 913 feriri
668 849 779 954 gladio
804 851 1000 934 praecipitur.
1057 861 1060 866 ’

291 1039 379 1106 Ecce
400 1037 500 1104 Fides
524 1047 662 1103 evocata
686 1039 803 1104 clamet
827 1048 901 1104 ante
919 1041 1080 1124 jndicem:
1131 1105 1138 1114 ,

189 1231 191 1234 Ι
295 1139 475 1224 „Christum
501 1143 583 1221 colo,
608 1140 770 1207 Christum
791 1135 893 1208 testor
915 1146 1054 1210 omnium
1077 1143 1250 1228 artificem,

295 1253 330 1308 nt
353 1264 505 1329 arcanum
527 1246 590 1308 mei
612 1244 720 1308 cordis
743 1247 815 1327 tibi,
835 1245 948 1329 judex,
972 1247 1125 1328 indicem,

295 1344 455 1412 Christum
476 1347 558 1429 colo,
584 1345 744 1410 Christum
769 1356 830 1412 etc.

290 1534 378 1599 Nihil
400 1535 476 1599 mihi
498 1554 569 1600 cum
592 1535 708 1617 Diana,
739 1537 816 1599 nihii
840 1557 911 1601 cum
933 1535 1105 1620 Apolline,

291 1656 372 1719 quos
391 1639 445 1702 vel
469 1639 628 1722 appellari
651 1639 730 1702 deos
754 1640 852 1721 longe
875 1643 917 1704 sit
939 1643 980 1704 ub
1002 1641 1146 1722 homine;

291 1741 336 1804 dii
357 1742 458 1804 vestri
479 1741 668 1823 manufacti,
692 1738 763 1804 dii⁵
787 1744 859 1807 solo
882 1745 1027 1824 nomine,

292 1862 373 1926 quos
395 1845 450 1906 vel
473 1845 631 1929 appellari
655 1854 715 1932 eto.

292 2031 425 2117 Sponsa
447 2032 567 2097 Christi
591 2042 815 2098 contemnente
838 2037 955 2118 mines,
977 2055 1111 2120 preces,
1134 2055 1282 2117 munere,

292 2146 396 2202 tortor
420 2146 515 2226 paret
537 2138 689 2201 universa
715 2147 945 2204 tormentorum
967 2158 1110 2223 genere3

281 2240 398 2333 ,jussus
421 2258 535 2324 poenas
557 2242 728 2322 innovare,
752 2244 951 2324 perscrutari
973 2245 1113 2323 viscera,

292 2352 395 2407 tortor
418 2350 515 2426 parat
537 2350 598 2407 etc.

293 2553 343 2618 Ex
366 2561 534 2638 praecepto
558 2553 692 2618 Deciani
716 2553 862 2618 carnifex
886 2554 1110 2636 congreditur,

292 2667 414 2725 cratem
437 2659 578 2743 profert,
604 2660 715 2724 subtus
739 2660 856 2736 carbo,
880 2674 979 2739 snper
1001 2659 1097 2740 virgo
1119 2654 1275 2742 ponitur3
1305 2702 1308 2706 -

292 2761 372 2836 nihil
394 2763 449 2826 ille
472 2761 725 2845 praetermitten's
748 2780 790 2824 ex
812 2760 878 2841 hiS,
901 2779 973 2841 quae
996 2761 1202 2892 praecipitur,

224 2867 226 2872 ’
291 2873 415 2930 cratem
439 2865 565 2950 profert
589 2872 649 2929 etc
751 2950 753 2956 Α

293 3075 414 3140 Tortor
435 3074 545 3138 furens
569 3074 691 3136 fovet
681 3041 805 3156 ignem,
829 3071 956 3136 flamma
979 3069 1083 3152 surgit
1107 3069 1221 3150 altius,

294 3187 390 3262 rupta
414 3183 487 3240 cute
508 3176 558 3238 vis
582 3175 709 3239 ardoris
731 3183 900 3260 perpetrat
921 3173 1074 3254 interino,

296 3280 372 3344 dum
395 3282 555 3345 carbones
578 3287 611 3343 et
634 3299 680 3343 aes
704 3279 847 3344 candens
869 3279 1041 3343 vulnerent
1063 3277 1216 3357 exterius,

296 3393 392 3468 rupte
415 3392 488 3448 cute
511 3392 571 3450 ete,

296 3593 469 3658 Nuntiatur
490 3580 636 3657 Deciano
659 3591 795 3672 virginis
816 3589 1016 3668 constantia,

296 3717 392 3781 quam
406 3715 471 3761 non
485 3695 628 3776 flectunt,
653 3692 713 3756 sed
728 3712 789 3758 nec
804 3699 927 3756 terrent
940 3692 1035 3756 minse
1048 3691 1104 3754 vel
1119 3690 1290 3777 supplicia,

290 3799 385 3883 jubet
408 3818 489 3882 ergo
512 3797 660 3896 capitulis
682 3797 794 3880 puniat
817 3795 991 3914 sententia,

295 3923 391 3986 quam
413 3922 478 3967 non
498 3903 583 3967 flect.
607 3909 690 3965 etc.

294 4109 399 4177 Ductu
421 4110 520 4175 Fides
543 4110 585 4174 ed
604 4069 741 4174 delnhra
765 4125 835 4173 oum
859 4109 960 4173 tribus
979 4105 1170 4190 juvenibus,
1218 4141 1221 4151 =

296 4215 372 4296 quia
394 4214 507 4278 nolunt
528 4213 695 4279 immolare
716 4211 876 4275 feriuntur
898 4211 1044 4291 ensibus,

294 4334 358 4380 uno
382 4317 520 4399 corde,
511 4316 594 4400 puri
615 4334 698 4412 uoce
717 4316 838 4399 spretis
862 4313 957 4379 dehm
980 4315 1126 4426 cultibus.

298 4418 372 4499 quie
395 4420 507 4484 nolunt
530 4427 590 4486 etc
851 4433 854 4438 ·
1040 4435 1044 4442 ·

244 4621 324 4686 0
347 4641 521 4689 coruscans
543 4629 738 4709 mvunpsrno
760 4625 844 4709 lepis
867 4621 1022 4700 edificio,

298 4726 394 4808 virgo
406 4733 539 4815 fmurtyr
560 4730 729 4811 lausus,
746 4727 848 4794 mixto
869 4743 955 4792 roure
976 4725 1060 4804 filio,
1165 4755 1168 4771 ·
