3338 5324
225 329 292 394 cto

226 518 326 603 Cujus
350 524 478 582 sacrata
500 517 628 599 lipsana
903 509 987 576 Hinc
1008 511 1040 574 in
1064 529 1231 576 commune
1254 496 1416 579 dominum
1488 514 1538 577 25

192 648 200 664 ·
225 621 304 684 felix
327 619 417 682 soret
441 616 613 680 Germania
903 634 1017 696 regem
1040 614 1208 680 laudemus
1231 625 1426 700 martyrum,

143 805 146 808 Ι
225 725 259 787 in
281 721 447 788 Duellensi
469 719 593 782 vertice
905 717 960 799 qui
981 717 1110 786 militem
1134 726 1322 784 coronatum

226 825 398 892 monachili
421 823 612 888 sartamine.
810 819 851 881 20
904 821 1065 886 laureavit
1088 821 1273 905 Georgium.

226 1015 320 1080 Hunc
343 1031 454 1082 omnes
479 1013 572 1078 simul
592 1010 718 1076 flexiles
794 1055 797 1060 -
822 1007 834 1030 ⁴
905 1009 956 1074 Sit
977 1011 1048 1074 laus
1070 1013 1157 1095 patri
1179 1013 1339 1098 principio

226 1137 379 1202 rogemus
405 1125 501 1200 atque
525 1115 705 1199 supplices,
906 1115 1041 1198 ejusque
1065 1123 1141 1178 nato
1163 1117 1259 1180 unico
1490 1117 1540 1180 30

227 1231 263 1286 ut
287 1222 415 1286 devotis
438 1222 608 1286 clientibus
782 1235 784 1239 ·
906 1235 977 1280 cum
1000 1216 1114 1298 spiritu
1137 1216 1297 1299 paraclito
1407 1283 1410 1289 ,

229 1326 270 1388 sit
287 1332 443 1408 patronus
466 1325 636 1408 propitius.
904 1338 965 1402 per
988 1319 1180 1386 saeculorum
1204 1321 1333 1384 saecula.
1363 1340 1464 1384 amen.
1562 1393 1564 1402 Ι

264 1575 270 1586 -
321 1543 368 1610 ns.
387 1562 422 1598 ιιι
441 1545 569 1598 Rheinau
586 1542 633 1596 uer
651 1539 855 1598 schefflaren
873 1541 925 1598 so.
945 1543 986 1596 aa.
1004 1540 1047 1594 m.
1066 1541 1108 1596 aa.
1127 1557 1178 1596 aus
1197 1541 1257 1596 rem
1278 1543 1311 1594 11
1331 1509 1429 1598 Jauru.

316 1686 411 1753 teon,
430 1685 478 1740 lls.
527 1688 560 1738 21
580 1681 643 1736 ilex.
663 1682 723 1736 sim.
742 1683 790 1736 Hs.
840 1685 874 1736 23
894 1681 1042 1750 clientulis,
1062 1682 1109 1736 ils.
1156 1686 1193 1736 25
1212 1681 1365 1750 hunc,'lls.
1414 1685 1450 1736 27
1469 1699 1535 1738 cor.

229 1771 285 1824 mil.
304 1770 352 1824 lls.
1192 1783 1193 1786 ’

319 1907 351 1960 V.
371 1909 396 1960 6.
425 1909 540 1977 athleta,
560 1913 645 1962 unten
664 1907 796 1979 agonista
814 1908 870 1962 und
889 1915 969 1962 sonst
988 1904 1084 1982 haufig
1101 1898 1182 1963 miles
1197 1909 1302 1965 Christi
1321 1906 1368 1966 fiir
1381 1911 1538 1981 hl'artyrer,

232 1995 349 2050 beiden
368 1995 506 2050 Grieeheu
525 1997 630 2050 ehenso
650 1994 766 2067 ὁπλίτης.
802 1997 917 2052 ianuar.
936 1997 978 2052 Bl.
998 1999 1040 2050 tl.

320 2082 352 2135 V.
372 2085 405 2137 13
423 2080 471 2154 llg.
494 2101 526 2138 so
545 2083 619 2138 wird
638 2100 670 2137 er
689 2085 760 2138 auch
779 2083 807 2138 in
827 2085 879 2138 den
898 2084 1016 2138 Menaen
1035 2085 1168 2154 erhoben,
1188 2085 1233 2141 τὸν
1252 2085 1300 2141 σὸν
1319 2083 1486 2157 θαυμαστὸν
1506 2083 1537 2138 ἐν

231 2170 305 2243 πάσῃ
324 2169 356 2244 τῇ
373 2171 409 2244 γῇ
427 2169 521 2242 ᾄδεται
541 2169 634 2244 ὄνομα.
654 2175 721 2242 Apr.
740 2175 783 2226 23.
819 2173 918 2227 Partes
937 2178 1005 2241 tres,
1024 2173 1069 2228 die
1089 2174 1149 2229 drei
1166 2175 1242 2228 alten
1261 2173 1437 2242 Welttheile,
1457 2172 1539 2226 nicht

229 2259 285 2313 wie
304 2259 332 2312 in
352 2260 458 2314 andern
477 2258 586 2314 Stellen
607 2259 651 2314 die
670 2259 850 2330 dreitheilige
868 2261 958 2315 Welt.
987 2261 1041 2316 No.
1060 2263 1120 2329 oto,
1139 2259 1163 2315 h.

317 2347 351 2399 V.
371 2349 413 2400 ll.
442 2347 563 2415 elimata,
582 2347 626 2400 die
645 2347 706 2402 vier
724 2347 961 2418 weltgegenden.
990 2348 1021 2403 S.
1038 2349 1092 2404 No.
1112 2350 1233 2417 ota-12.

318 2435 352 2489 V.
373 2437 414 2489 19.
437 2435 596 2490 Duellensis
621 2441 721 2490 vertex
746 2435 784 2490 ist
806 2435 1000 2505 llohentwiel,
1032 2453 1080 2492 wo
1104 2437 1228 2492 ehemals
1252 2438 1299 2491 ein
1323 2437 1441 2492 illuster
1463 2453 1539 2503 war,

232 2523 358 2581 welches
376 2525 413 2578 irn
431 2525 503 2580 Jahn
521 2527 590 2578 1005
616 2526 689 2580 uach
707 2525 787 2580 Stein
811 2540 857 2581 am
874 2525 963 2578 Rhein
981 2525 1094 2596 verlegt
1112 2525 1227 2594 wurde,
1257 2513 1379 2582 wonach
1397 2523 1447 2578 das
1466 2522 1539 2576 uteo

233 2614 306 2666 noch
325 2615 353 2667 in
372 2613 422 2667 das
442 2616 476 2667 10
492 2613 590 2668 Jahrh.
610 2613 720 2684 gehhrt.

498 3061 502 3068 Ι
571 2967 656 3041 943.
694 2967 752 3038 Do
780 2992 806 3040 s.
835 2965 1004 3067 Georgio.
1037 2967 1196 3067 hymnus.

230 3208 358 3290 Martyr
381 3209 534 3290 egregie,
804 3271 808 3279 ,
909 3216 941 3272 et
964 3207 1158 3271 transitoriae

275 3310 338 3373 deo
362 3311 496 3393 dilecte,
952 3310 1058 3375 dulcia
1080 3312 1157 3374 vitae

231 3413 273 3478 ad
296 3421 328 3478 te
352 3415 557 3480 clamantium
908 3433 1029 3478 memor
1052 3412 1171 3477 Christi
1194 3413 1239 3477 tui

273 3536 373 3583 voces
397 3516 523 3582 tuorum
952 3525 1058 3580 mente
1081 3517 1209 3599 liquisti.

230 3623 390 3704 propitius
415 3621 490 3685 audi
836 3623 855 3682 5
1044 3613 1046 3616 ’

274 3730 386 3789 sancte
410 3724 547 3806 Georgi!
795 3803 798 3808 .
909 3707 1002 3773 Unde
1025 3725 1085 3792 p10
1109 3707 1230 3772 meritis

952 3810 1059 3892 fulges
1082 3809 1114 3871 in
1139 3807 1229 3872 coelis

230 3915 278 3980 Tu
300 3937 360 4000 per
384 3917 552 3982 innumera
908 3924 944 3980 ut
967 3916 1051 3978 inter
1074 3914 1183 3977 sidera

273 4022 384 4084 mortis
409 4028 568 4084 tormenta
811 4079 815 4084 .
953 4017 1003 4082 sol
1027 4025 1123 4100 atque
1145 4018 1235 4098 luna,

231 4123 392 4207 triumpho
415 4123 515 4189 nobili
910 4133 1019 4208 certus
1037 4120 1107 4204 jam
1129 4121 1270 4204 praemii,

274 4229 481 4311 promeruisti
816 4215 856 4291 1o
952 4241 1014 4307 pro
1038 4241 1101 4305 quo
1124 4221 1267 4288 certasti.

230 4337 407 4412 martyrum
429 4329 550 4392 militiae

275 4431 409 4514 signifer
435 4449 517 4494 esse.
911 4415 975 4482 Ora
998 4434 1059 4500 pro
1082 4415 1211 4481 famulis

954 4521 1011 4585 tihi
1034 4519 1161 4583 devotis

229 4624 324 4689 Vana
342 4622 498 4706 judicasti
911 4631 944 4689 et
966 4641 1075 4689 coram
1094 4621 1207 4706 judice
1259 4656 1263 4660 ·
1301 4665 1302 4668 ι

275 4727 395 4810 gaudia
417 4727 544 4813 mundi,
954 4726 1081 4790 veniam
1103 4741 1251 4807 posce,¹
1306 4793 1308 4797 ,
1395 4789 1430 4796 ‚s
