3338 5324
153 550 201 615 sio
219 546 363 614 seeundo
375 549 593 628 'tormentata‚

153 653 355 718 vestimentis
376 651 529 734 spoliaris

124 823 126 826 ,
151 757 261 840 palam
283 755 406 819 eunetis
428 760 462 816 et
476 751 624 816 *nudatis
694 803 716 822 .,

152 857 207 940 eja
228 857 325 938 virgo
347 853 549 936 vereounda,
591 873 593 878 ’
636 903 639 910 r
734 853 776 916 ⁴5

151 953 221 1026 snio
244 959 332 1042 quod
353 966 501 1023 manente
523 955 644 1022 munda
666 973 669 980 ⁴

150 1065 282 1129 multum
305 1070 391 1127 torta
412 1070 489 1126 tuno
510 1061 636 1146 pudore

151 1183 226 1230 eras
247 1165 430 1249 poenarum
451 1182 550 1228 more.

152 1269 222 1350 quis
245 1285 310 1332 non
323 1267 414 1332 soiat
435 1264 656 1350 pudibundum

152 1389 194 1435 ex
217 1370 281 1434 hoo
302 1371 373 1453 pati
392 1369 493 1434 sorde
517 1368 689 1432 mundani
733 1367 776 1432 50

153 1472 260 1556 gaude
281 1480 406 1553 tamen,
428 1471 610 1554 quod'heeu
631 1491 724 1554 eura,
769 1499 777 1512 „

154 1595 248 1658 quam
270 1577 426 1640 caumont
448 1575 615 1656 nuditum,

155 1664 248 1742 veste
271 1677 351 1744 mira
373 1680 555 1761 mitigatur,

153 1783 233 1846 deus
255 1782 334 1846 illud
357 1791 521 1866 operatur.

152 1894 266 1970 tegunt
287 1887 346 1951 tibi
366 1886 444 1952 flavi
461 1887 573 1951 erines
725 1885 775 1949 -55

151 1997 225 2053 tuos
250 1989 498 2069 oireumquaque
521 1986 612 2051 fines.
667 2029 669 2036 s

151 2092 235 2158 Huio
256 2099 391 2157 torturae
414 2099 585 2175 coaptatur

152 2194 229 2274 hoo,
253 2193 339 2275 quod
361 2200 416 2257 tua
438 2185 509 2257 vox'
526 2201 696 2276 praeatus,
746 2238 750 2246 .

152 2304 189 2363 ut
211 2304 389 2381 paupertas
410 2295 574 2380 pudorosa

152 2400 268 2484 prooul
288 2400 385 2466 oedat
407 2409 443 2463 et
464 2400 628 2464 damnosa.
670 2442 672 2452 ι
706 2449 709 2457 s
733 2401 777 2464 dd

330 2688 333 2695 ,
394 2618 541 2690 emunda.

114 2765 116 2770 ¹
151 2780 253 2846 Salvo
276 2788 390 2845 tenera
410 2780 538 2864 puella,

153 2885 243 2949 vultu
266 2883 412 2966 flagrans
433 2885 527 2965 quasi
544 2885 655 2967 stella,

153 2986 247 3052 terna
268 2987 342 3052 vioe
364 2987 411 3052 sio
432 2990 610 3072 torqueris,

152 3089 292 3174 lapidari
314 3109 395 3154 nam·
405 3090 547 3174 juberis,

152 3195 321 3261 multitudo
339 3196 426 3277 quod
449 3213 601 3260 saxorum
736 3188 777 3262 65

152 3305 241 3362 tuum
262 3297 383 3361 vultum
405 3297 630 3381 praedeoorum

151 3409 253 3466 totum
275 3402 402 3484 mulnet
423 3401 521 3486 oap'ut
543 3403 675 3486 frangat

152 3510 249 3587 teque
273 3506 471 3572 conterendo
494 3516 609 3592 tangat

151 3607 202 3672 vis
224 3615 381 3674 tortorum
396 3610 562 3693 ·violenta;

149 3711 236 3775 inter
253 3712 310 3776 illa
331 3712 390 3776 sed
413 3720 573 3778 tormenta
736 3719 777 3782 70

152 3823 243 3879 souto
266 3817 360 3880 nubis
385 3818 599 3882 obumbraris
645 3849 650 3854 ·

152 3923 185 3980 et
205 3937 224 3982 a
248 3915 379 3983 Christo
402 3919 591 3986 defensoris.

153 4018 225 4084 'sors
248 4038 313 4085 non
336 4024 419 4087 soiat
440 4031 517 4088 tuno
538 4032 679 4092 tremore

153 4131 185 4186 te
208 4141 397 4189 concussam
422 4128 585 4208 graviore.

153 4222 235 4307 Apti
256 4233 330 4290 sunt
351 4237 485 4310 rogatus
507 4231 561 4294 isti
737 4237 777 4297 75

101 4400 105 4408 ,
154 4325 229 4392 hnio
252 4335 403 4411 torturae,
428 4349 510 4414 quos
533 4333 651 4399 fecisti}

154 4429 236 4495 ictus
259 4431 491 4516 vituperiorum

154 4556 260 4619 neque
283 4543 403 4602 struem
414 4541 604 4624 ‘jurgiorum

155 4658 272 4704 servus
295 4648 367 4706 tuus
389 4646 551 4726 patiatur,

142 4761 218 4810 mee
240 4743 362 4812 eisdem
384 4750 608 4818 portendatur.

1393 357 1466 428 ss

830 543 932 610 Salve
956 544 1235 629 pulohra.tihristi
1256 567 1375 631 verna,

828 651 902 716 viee
923 668 1024 734 passa
1046 651 1094 730 sio
1116 649 1297 736 quaterno,
1384 739 1388 748 ι

828 768 904 815 mox
925 751 959 814 in
981 769 1060 816 vase
1083 751 1271 834 eolloearis²

828 854 883 918 ubi
905 853 987 918 faeee
1010 853 1218 919 oireumdaris
1413 924 1416 930 ,
1451 921 1457 936 ‚

829 974 901 1021 oum
923 957 1048 1037 liquore
1072 955 1179 1020 oleato
1321 951 1324 960 ’
1380 939 1386 954 ”
1410 942 1458 1058 ὃξ

829 1068 863 1126 ot
885 1059 927 1124 ad
950 1061 1058 1143 ignem
1080 1068 1227 1128 aestuato.

773 1209 775 1217 t
829 1147 889 1227 sed
911 1165 959 1227 sio
983 1165 1129 1245 quamvis
1153 1165 1203 1227 sis·
1220 1164 1347 1246 lenam,
1396 1150 1399 1156 “

829 1266 935 1349 spiras
958 1266 1048 1330 velut
1070 1266 1264 1348 balsameto,
1397 1341 1399 1348 ,
1451 1333 1453 1345 ,

829 1374 864 1433 ut
885 1376 1043 1448 perunota
1065 1367 1110 1430 sis
1133 1374 1306 1454 unguento.
1425 1356 1457 1366 '⁴

829 1469 947 1554 gande,
971 1490 1044 1552 quae
1067 1472 1098 1534 in
1122 1472 1184 1535 hoo
1211 1476 1368 1536 tormento
1415 1468 1458 1573 tiq

829 1574 878 1638 sio
899 1573 1002 1638 illaesa
1024 1573 1230 1657 permansisti
1449 1583 1454 1590 ’

830 1683 863 1741 et
885 1677 1011 1741 ardoris
1033 1678 1079 1742 nil
1101 1678 1244 1760 sensisti,

772 1779 777 1790 ’
830 1797 920 1844 esses
943 1780 1049 1844 statim
1072 1779 1246 1862 suffocata,

829 1887 890 1950 nisi
912 1885 1000 1950 iores
1024 1887 1201 1954 defensata

828 1985 955 2052 Ustioni
976 1989 1161 2072 personali,
1413 1975 1456 2082 9ξ

829 2089 894 2158 faoi
916 2090 1022 2154 earnis
1047 2090 1095 2155 sie
1117 2089 1209 2178 totali

828 2198 1032 2274 potestesse
1056 2198 1226 2274 coaptatus

746 2317 748 2322 ’
830 2302 903 2359 tuus
926 2301 1064 2378 quartus,
1081 2293 1259 2376 rogitatus,
1339 2281 1343 2286 ¹

830 2397 934 2461 servis
957 2397 1019 2462 tuis
1040 2397 1073 2461 in
1092 2393 1235 2480 persond

830 2498 917 2581 quod
939 2497 1115 2564 suooedant
1140 2504 1255 2562 ennete
1272 2495 1367 2560 bona.
1392 2480 1456 2594 1οᾳ

755 2859 756 2865 ,
830 2792 931 2858 Salve
954 2798 1078 2873 martyr
1100 2787 1290 2852 veneranda

830 2905 863 2962 et
886 2895 1055 2962 a'ounotis
1073 2892 1280 2973 honoranda,

830 2998 941 3084 quinto
962 3000 1035 3063 vioe
1058 3000 1107 3062 sio
1129 2997 1306 3078 torqueris,
1365 3034 1368 3040 ·

829 3104 862 3167 in
885 3101 1010 3166 torturi
1034 3099 1121 3182 quod
1143 3100 1300 3183 proteris.

828 3202 992 3268 vinculata
1013 3203 1210 3282 earoeraris,
1229 3257 1234 3264 t
1430 3201 1454 3262 ὅ

830 3313 998 3375 oareerata
1019 3306 1231 3386 maestorum·

830 3415 900 3478 sine
922 3412 1116 3476 nutrimento
1139 3409 1203 3474 eibi
1259 3439 1261 3444 ·
1348 3464 1358 3500 Ι,
1440 3432 1444 3457 =

829 3517 931 3580 tribus
953 3521 1003 3578 ter
1026 3512 1141 3576 diebus
1163 3511 1216 3574 ibi.
1299 3553 1301 3556 -
1439 3529 1446 3559 2

830 3618 953 3701 gaude,
977 3631 1049 3699 quae
1072 3616 1120 3680 sio
1142 3614 1302 3696 uestigata

829 3711 866 3786 es
889 3741 909 3784 a
931 3719 995 3784 deo
1017 3719 1166 3796 visitata,
1415 3707 1456 3780 id

831 3842 935 3907 aquo
958 3825 1011 3907 pie
1035 3821 1229 3901 consolaris,
1438 3831 1440 3836 ·

829 3947 914 4013 pane
938 3925 1012 3990 ooeli
1033 3933 1068 3988 tu
1086 3923 1220 4002 oibaris,

758 4097 760 4100 .
830 4051 944 4096 oaroer
966 4045 1094 4110 quoque
1117 4028 1309 4091 tenebrosus

830 4134 867 4198 fit
889 4133 996 4196 divine
1015 4146 1203 4194 serenosus.
1253 4146 1271 4176 2

831 4237 882 4302 lili
904 4237 977 4300 oibo
1000 4233 1179 4298 oareerali
1415 4223 1456 4295 15
1488 4228 1492 4235 “

831 4338 935 4405 forma
958 4345 1066 4422 potest
1087 4339 1147 4401 suh
1170 4335 1288 4417 aquali
1382 4373 1385 4380 ·
1439 4351 1443 4375 ³

833 4445 981 4527 adaptari
1003 4444 1164 4526 rogitatus

834 4547 944 4630 quinto
968 4543 1010 4608 ad
1032 4544 1096 4608 hoo
1118 4541 1314 4622 deodatus,
1436 4555 1441 4577 ··

834 4657 867 4714 te
890 4649 1035 4713 nolentes
1058 4647 1205 4710 morituri
1240 4681 1245 4690 ·

738 4753 782 4818 80
836 4769 954 4835 oorpus
977 4746 1099 4814 Christi
1120 4750 1185 4812 sint
1206 4746 1373 4832 sumpturi.
1413 4745 1462 4810 Μ
