3310 5316
125 550 176 618 Ad
198 553 335 636 gloriam
356 553 398 616 de
420 551 528 636 gratia
798 553 890 619 nobis
913 554 946 618 in
969 571 1065 618 cursu
1088 553 1256 638 temporis,

164 658 311 722 transivit
332 657 420 724 dicta
442 659 563 741 gratia,
841 657 932 723 linito
954 677 1051 723 cursu
1073 659 1188 742 gloria.

123 760 218 843 plena
240 760 386 843 gaudens
407 761 520 825 laetitia

164 863 271 928 dilecti
293 867 352 930 sub
374 863 558 948 praesentia.
796 847 877 914 Jeflu
895 848 1010 914 Mariae
1034 849 1101 915 filio

839 951 911 1016 laus
934 951 1039 1016 honor
1062 952 1103 1016 sit
1126 959 1159 1015 et
1181 951 1302 1036 gloria,

124 1052 266 1119 Alternis
289 1075 325 1120 se
348 1055 577 1140 conspectibus
702 1057 743 1118 25
797 1054 932 1138 quinos
955 1058 996 1121 ab
1021 1055 1083 1120 hoc
1106 1056 1203 1119 exilio
1380 1056 1421 1119 35

165 1167 334 1224 cernentes
357 1166 460 1224 mator
482 1158 566 1242 filia,
840 1162 954 1226 ductos
977 1163 1064 1227 locet
1085 1163 1117 1226 in
1140 1164 1256 1247 patria.

123 1263 223 1328 versis
246 1265 280 1328 in
302 1264 415 1330 desum
437 1262 579 1330 uultibus

163 1367 501 1452 stupentineffebilia.
796 1349 883 1422 naus
906 1353 948 1416 m
970 1350 1085 1415 Mariae
1108 1351 1190 1434 nno,

841 1455 944 1520 dulcis
966 1453 1074 1520 Annae
1096 1454 1266 1538 nepotulo,
1379 1441 1386 1447 ⁸

123 1555 199 1634 Quae
220 1558 319 1622 tantis
340 1557 448 1640 fulges
471 1557 611 1640 meritis,
797 1547 851 1642 dui
874 1577 934 1624 nos
957 1563 999 1625 ab
1023 1560 1086 1624 hoc
1108 1560 1206 1623 exilio

162 1678 221 1742 per
243 1667 278 1722 te
302 1659 440 1724 donetur
462 1659 568 1742 gratia
702 1660 744 1724 30
840 1669 963 1727 tractos
988 1681 1024 1725 se
1047 1667 1139 1745 potet
1163 1662 1291 1745 poculo.
1380 1663 1422 1725 40

209 1860 354 1931 Perg.·lls.
372 1860 426 1916 Nc.
445 1860 805 1944 cousummationis
823 1862 873 1917 der
891 1863 1025 1932 llelcdie,
1045 1867 1079 1919 tt
1095 1865 1194 1922 tauri.

205 2000 238 2054 V.
255 2002 282 2054 6.
309 2000 462 2069 transitus,
481 2000 601 2076 σήμερον
618 2003 731 2072 μετέστη
749 2001 821 2076 πρὸς
839 2001 886 2072 τὴν
904 2001 979 2072 ζωήν.
1007 2002 1062 2058 dul.
1079 2005 1123 2057 25.

205 2089 237 2142 V.
256 2091 285 2170 9.γ
308 2088 345 2143 ud
363 2088 468 2158 coelcS,
499 2088 588 2162 γῆθεν
614 2087 739 2165 ἀρθεῖσα
765 2089 837 2166 πρὸς
861 2089 894 2146 τὰ
918 2087 1034 2167 οὐράνια
1061 2094 1306 2168 συνευφραινομένη
1325 2090 1423 2164 δήμοις

122 2175 172 2230 τῶν
189 2173 321 2249 dyqddmrss
347 2176 403 2232 tul
420 2179 464 2231 25.

207 2268 243 2324 V.
260 2270 306 2322 25.
333 2263 455 2340 'Imoadp
472 2271 518 2323 καὶ
532 2264 615 2325 una
632 2265 815 2340 μεταστάντες
833 2267 905 2343 πρὸς
923 2267 1068 2344 ὀυρανιόυς
1087 2270 1185 2340 σκηνὰς
1210 2269 1260 2326 σὺν
1283 2266 1315 2342 τῇ
1334 2263 1424 2324 αὐτῶν

123 2356 241 2432 θυγατρὶ
259 2354 461 2431 ὑπεραχράντῳ
480 2359 615 2431 παρθένῳ
632 2357 689 2428 μετ’
708 2354 831 2429 ἀγγέλων
848 2355 1002 2434 χορεύουσι
1034 2358 1090 2415 tut
1107 2361 1151 2414 25.

510 2725 511 2731 ’
587 2713 671 2787 793.
701 2712 760 2784 De
785 2737 813 2784 s.
838 2713 956 2784 Anna.

120 2941 206 3026 Ave,-
230 2944 322 3008 salue
345 2953 458 3010 sancta
480 2943 590 3030 Anna,
787 2946 896 3030 ‘Legis
919 2968 1056 3030 namque
1079 2949 1282 3017 maledictum

160 3067 277 3112 nomen
299 3047 402 3111 habes
425 3050 546 3131 gratia,
839 3053 962 3135 patitur
985 3055 1138 3119 sterilitas

51 3226 53 3232 ¹
122 3152 209 3236 cujus
231 3172 346 3216 verum
369 3153 442 3216 coeli
465 3173 581 3218 manna
682 3199 684 3202 -
796 3152 1008 3237 loachimque
1032 3156 1080 3221 sic
1102 3157 1255 3223 afflictum

160 3257 252 3322 nobis
275 3257 404 3340 profert
427 3254 503 3322 filia.
839 3259 917 3322 lecit
938 3259 1172 3349 infoecunditas.
1378 3261 1421 3324 20

121 3442 239 3512 Sancta
262 3447 330 3510 vita
355 3447 498 3512 meruisti
724 3452 742 3511 5
796 3444 897 3511 Salve
920 3443 1032 3528 Anna,
1056 3467 1185 3530 semper
1207 3447 1334 3530 gaude,

162 3569 234 3613 esse
257 3548 352 3614 radix
376 3551 543 3635 germiniS,
840 3549 898 3614 tibi
919 3568 1057 3632 namque
1081 3547 1227 3612 dominns

26 3645 29 3651 ’
122 3669 182 3732 quo
203 3651 349 3737 prodivit
371 3654 477 3720 carnis
501 3652 621 3720 Christi
797 3652 947 3735 angelum
969 3654 1161 3735 transmisit,
1184 3653 1318 3738 plaude,

159 3755 220 3822 flos
244 3758 286 3822 de
308 3758 389 3822 [lore
411 3759 555 3841 virginis.
840 3757 915 3838 quia
937 3757 1141 3823 nihilominus

120 3941 215 4011 Anna
238 3954 343 4012 mater
365 3945 527 4012 Samuelis
796 3947 945 4013 Joachim
968 3957 1018 4013 est
1041 3949 1234 4033 destinatus,
1381 3954 1422 4015 25

160 4049 260 4117 flebat
282 4051 424 4134 gliscens
447 4051 561 4134 lilium,
703 4052 742 4115 10
841 4054 952 4117 ambos
976 4072 1035 4118 vos
1058 4053 1230 4121 laetificans

122 4154 191 4217 avia
212 4153 431 4218 Emmanuelis
797 4154 837 4217 de
861 4154 1032 4236 futuraque
1055 4155 1172 4220 affatus

160 4256 262 4323 flebas
285 4258 531 4341 improperium,
840 4259 953 4324 sobole
976 4258 1170 4325 certificans.

118 4447 216 4534 Legis
240 4453 298 4520 tibi
322 4451 408 4533 quod
431 4451 595 4535 objectum
797 4447 877 4512 Viro
895 4454 952 4512 tuo
973 4448 1162 4526 occurristi,

161 4563 255 4622 esta
278 4556 510 4622 contribulibus
841 4553 977 4634 angelus
1000 4559 1035 4615 ut
1052 4552 1188 4634 monuit,
1380 4550 1422 4612 30

121 4657 241 4741 desque
262 4660 412 4726 Jonchim
435 4658 596 4742 abjectum
704 4661 743 4720 15
796 4655 970 4740 gravidata
991 4657 1150 4740 peperisti

163 4765 273 4850 templi
295 4785 315 4830 a
338 4765 522 4830 cultoribus.
839 4762 954 4845 filiam,
978 4781 1051 4843 quae
1073 4761 1186 4844 genuit
