3310 5316
220 395 289 460 '196

224 583 305 650 Haec
328 582 464 648 Mariam
488 581 640 665 peperit,
902 581 1077 646 exaltatum

224 706 285 769 per
308 705 403 768 quam
426 683 572 750 Christus
598 683 703 769 aperit
944 687 976 750 in
1000 688 1105 753 crucis
1127 689 1282 772 patibulo.

267 790 370 854 sinum
393 788 631 872 poenitentibus.
809 789 847 851 ¹5
901 851 955 916 Fit
972 859 1170 936 unguentum

223 951 326 1018 Datur
348 951 381 1015 in
404 952 588 1016 coelestibus
900 954 1095 1036 uolneratis,

224 1073 245 1118 a
267 1061 450 1117 sauctorum
474 1053 603 1117 civibus
902 1055 1138 1120 condimentum

222 1153 330 1220 Annae
349 1157 517 1237 salutatio,
901 1157 1074 1240 tribulatis,

218 1258 366 1342 jocunda
388 1260 541 1324 laudatio.
945 1262 1041 1326 solvit
1064 1283 1084 1328 a
1105 1263 1258 1347 periculo.

220 1423 371 1490 Laudant
394 1425 506 1489 matris
529 1426 675 1505 viscera,
902 1428 1022 1493 Manna
1045 1428 1120 1492 coeli
1142 1449 1260 1493 manna
1282 1437 1380 1492 terrae

220 1527 355 1592 landant
377 1530 488 1592 matris
510 1530 653 1608 ubera,.
902 1528 980 1594 cura
1004 1529 1097 1593 stude
1120 1548 1179 1594 nos
1203 1530 1380 1594 transferre

219 1630 358 1695 fructum
382 1630 584 1711 beatificant,
945 1630 987 1694 ad
1009 1631 1103 1696 lactis
1125 1632 1228 1694 mellis
1249 1631 1402 1714 patriam,

220 1732 359 1797 Mariam
381 1734 597 1817 magnificant.
945 1733 988 1798 ad
1009 1734 1152 1817 paradisi
1176 1736 1307 1802 curiam.

219 1896 315 1963 Felix
337 1896 449 1981 Anna,
903 1901 1010 1966 Mater
1033 1899 1086 1962 dei
1105 1899 1289 1982 genitriciS,

220 2023 263 2066 ex
286 2013 318 2067 te
342 2024 459 2067 manna
901 2011 1004 2067 mater
1027 2010 1148 2066 nostrae
1171 2003 1367 2085 salvatricis,

219 2104 338 2170 mundo
358 2105 466 2188 datur,
944 2127 1005 2192 per
1028 2114 1060 2170 te
1082 2125 1229 2190 praesens
1252 2107 1373 2172 familia

220 2226 284 2291 quo
307 2217 461 2293 pascatur
945 2218 1049 2275 tecum
1072 2217 1189 2292 regnet
1211 2212 1243 2274 in
1265 2209 1379 2294 gloria.

262 2332 294 2375 m
319 2312 450 2376 deserto
473 2313 631 2396 populus;
900 2375 970 2440 Nos
993 2374 1184 2438 commenda
1205 2373 1354 2455 trinitati,

219 2474 292 2540 Hoc
315 2473 463 2558 dulcore,
899 2476 954 2540 fac
976 2484 1011 2539 ut
1032 2477 1126 2538 verbi
1148 2476 1306 2538 incarnati

219 2579 284 2646 hoc
306 2599 426 2665 sapore
503 2660 506 2674 ,
901 2582 1006 2645 servis
1030 2580 1094 2643 suis
1118 2586 1215 2660 atque
1239 2577 1299 2642 tuis

219 2692 437 2767 sustentatur,
944 2683 1039 2748 detur
1061 2682 1252 2746 benedictin.

217 2799 412 2874 procreatur

264 2912 305 2955 ex
328 2911 445 2956 manna
467 2895 670 2960 vermiculus
900 2850 970 2914 ΡΜ
992 2856 1028 2911 “l
1049 2855 1162 2912 ¹¹⁰⁸&ss
1185 2845 1379 2928 Symphffllla

901 2962 935 3018 et
956 2953 988 3015 in
1011 2967 1115 3032 regno
1139 2949 1226 3012 etin
1248 2949 1303 3010 via

220 3051 373 3118 Vermem
395 3056 491 3119 istum
900 3056 941 3119 sit
964 3054 1070 3119 Maria
1093 3052 1249 3134 melodia,

141 3159 143 3164 ’
221 3154 295 3220 dico
318 3155 487 3238 Christum,
804 3167 845 3228 35
943 3181 1090 3239 carmen,
1109 3160 1277 3244 jubilatio,

216 3262 315 3327 ,nobis
337 3271 459 3342 natum,
941 3268 1013 3332 laus
1035 3267 1151 3331 Mariae
1174 3265 1250 3328 filio.
1283 3283 1385 3328 amen.

306 3429 511 3501 Strassburger
529 3432 575 3486 lis.
594 3433 625 3487 ll.
643 3433 685 3488 60.
705 3433 746 3488 Bl.
765 3435 808 3490 to.
833 3436 866 3488 15
883 3432 982 3490 dahrh.
1010 3427 1077 3499 Vgl
1095 3425 1147 3481 Nc.
1167 3425 1228 3478 60¹.

309 3531 388 3587 Nach
407 3535 440 3586 15
460 3535 591 3589 scheinen
610 3539 627 3590 3
646 3537 734 3593 Verse
753 3557 787 3594 zu
805 3537 908 3594 fehlen.
943 3538 979 3592 ta
998 3533 1102 3600 solvat,
1124 3529 1171 3584 Hs.

150 3680 156 3699 .
308 3638 340 3691 V.
360 3642 403 3696 20.
431 3648 553 3718 μακαρία
572 3643 590 3713 ἡ
608 3645 696 3700 κοιλία
715 3664 767 3700 σου
784 3647 830 3698 καὶ
849 3639 875 3699 ὁι
893 3643 1005 3714 μασθοί
1031 3656 1082 3692 σου
1101 3633 1213 3709 elperico,
1245 3634 1271 3687 ot
1289 3627 1461 3701 θηλάσαντες
1478 3625 1525 3698 τὴν

144 3808 146 3813 Ι
220 3723 386 3795 θηλάσασαν
403 3729 532 3805 Χριστόν.
560 3731 615 3786 Jul,
632 3734 675 3785 25,
700 3767 705 3774 .

680 4051 767 4123 801.
802 4049 859 4119 De
882 4071 909 4120 s.
935 4051 1051 4121 Anna.

218 4280 316 4346 Anna
339 4281 449 4344 matris
473 4280 555 4345 Jesu
578 4277 699 4342 Christi
897 4275 973 4342 Ave
997 4274 1150 4357 templum
1173 4269 1284 4352 templi
1307 4264 1377 4345 dei,

218 4392 337 4466 mater,
360 4385 415 4466 pia
437 4383 600 4467 protulisti
898 4381 1054 4465 templum
1076 4378 1169 4443 nobis
1192 4371 1329 4455 requiei,

259 4488 470 4570 peccantibus
490 4487 664 4569 refugium,
943 4482 1096 4565 templum
1118 4477 1214 4562 primi
1236 4471 1376 4551 luminis,

218 4591 270 4655 dei
293 4598 429 4654 matrem
451 4593 628 4675 concepisti
898 4598 932 4653 tu
954 4605 990 4650 es
1012 4601 1132 4668 parens
1154 4588 1276 4645 nostrae
1299 4575 1385 4658 spei,
1485 4571 1525 4632 tt)

217 4703 472 4777 conceptamque
496 4695 652 4779 peperisti
824 4695 844 4754 5
898 4710 959 4775 per
983 4707 1078 4770 quam
1100 4684 1183 4749 salvi
1206 4683 1286 4747 liunt
1308 4679 1356 4742 rei

260 4797 444 4865 labentibus
466 4800 652 4866 remedium.
943 4791 1104 4875 baptismo
1126 4778 1352 4853 loti'flaminis.
