3326 5322
536 741 623 816 987.
664 739 857 842 Sequentia
884 737 928 813 de
954 765 982 811 s.
1007 740 1188 812 Raterina.

209 970 375 1038 Katerinae
398 969 568 1035 sollemnia
888 970 996 1055 Ipsam
1014 966 1145 1034 tandem
1163 967 1366 1050 'argumentis
1413 1021 1415 1028 ,
1473 967 1522 1030 25

209 1081 323 1140 sancta
343 1075 430 1139 colat
452 1073 608 1156 ecclesia,
931 1071 1111 1154 logicorum
1133 1069 1227 1134 cunei

209 1197 308 1262 snper
326 1178 420 1264 cnjus
442 1178 580 1243 victoria
889 1181 1012 1257 artant,
1035 1181 1071 1239 ut
1093 1173 1134 1238 de
1157 1172 1367 1237 sacramentis

209 1281 394 1370 congaudet
417 1283 490 1349 coeli
515 1281 613 1347 curia.
684 1341 692 1372 Ι,
932 1276 1142 1342 convincatur
1165 1273 1250 1338 fidei.

888 1439 957 1510 Sco
980 1441 1156 1528 triumphat
1177 1441 1210 1506 in
1233 1457 1340 1523 agona

888 1547 981 1612 firma
1003 1555 1096 1612 utens
1119 1547 1245 1612 ratione
1473 1545 1520 1609 30
1560 1547 1565 1554 '

929 1653 1027 1735 virgo
1050 1650 1322 1733 constantissima,

890 1763 1038 1821 oratores
1061 1755 1138 1822 victi
1160 1755 1278 1822 cedunt

890 1859 977 1923 etin
996 1879 1093 1924 unum
1116 1858 1211 1924 deum
1233 1855 1387 1940 credunt,

933 1962 1017 2027 salvi
1038 1970 1113 2046 post
1135 1961 1292 2027 incendia.

208 1499 290 1568 flac
311 1507 363 1565 est
384 1501 495 1583 virgo,
517 1519 591 1582 quae
607 1500 727 1566 dilecto
814 1499 847 1574 5Ι

251 1621 371 1667 novum
394 1592 504 1687 cantat
527 1604 702 1686 canticum,

209 1706 284 1787 quia
305 1725 385 1771 vere
408 1715 442 1771 et
464 1708 591 1772 sincera

252 1808 307 1872 dei
327 1808 409 1874 vidit
430 1808 538 1874 filium.

209 2021 290 2087 llaec
311 2023 344 2086 in
366 2023 484 2088 mundo
508 2025 584 2088 vicit
607 2024 757 2090 mundum
1284 2097 1286 2102 ,

215 2119 219 2126 ’
254 2133 287 2190 et
309 2127 416 2191 carnis
439 2127 622 2211 lasciviam,
711 2115 713 2120 ¹
796 2131 835 2194 10
889 2125 933 2192 Et
957 2127 1033 2211 quid
1054 2127 1173 2210 plura‘t
1196 2127 1378 2194 decollatur
1473 2129 1519 2192 35

211 2247 306 2310 quam
331 2229 457 2294 dicarat
480 2231 637 2296 salvatori
889 2232 985 2312 virgo
1008 2238 1136 2312 sancta,
1159 2231 1246 2313 quod
1264 2239 1403 2297 testatur

253 2353 389 2398 servans
412 2333 606 2417 pudicitiam.
832 2381 834 2387 a
894 2343 897 2350 ’
930 2333 984 2396 lac
1005 2332 1142 2398 fundens
1164 2351 1226 2415 pro
1251 2333 1425 2416 sanguine3

767 2477 771 2484 -
891 2432 985 2518 cujus
1008 2451 1127 2516 corpus
1150 2435 1299 2516 angelico

205 2547 252 2617 'Et
273 2555 381 2612 tamen
403 2549 435 2610 in
458 2548 618 2630 virginem
833 2617 836 2623 ,
888 2537 1044 2620 sepelitur
1067 2539 1222 2620 ⁰b¹0q111⁰

211 2659 344 2717 exercet
368 2650 570 2734 tyrannidem
931 2640 964 2702 in
987 2637 1080 2703 Sinai
1099 2642 1232 2705 vertice.
1472 2644 1518 2707 lo
1659 2660 1661 2773 4

253 2755 392 2822 crudelis
415 2755 614 2839 Maxentius,
795 2757 835 2820 15
1429 2750 1437 2763 ¹

792 2863 795 2868 .
888 2800 937 2869 De
960 2804 1112 2887 sepulcro
1135 2805 1235 2870 stillat
1257 2805 1364 2888 liquor

932 2909 1132 2973 incessanter
1155 2909 1232 2992 olei,

797 3057 800 3062 .
890 3030 953 3092 quo
977 3019 1130 3075 sanantur
1153 3011 1288 3078 delibuti

187 2879 284 2924 nam
305 2860 433 2928 mittens
456 2859 490 2922 in
513 2857 681 2925 carcerem
741 2881 744 2890 ’

212 2965 266 3028 dei
287 2965 379 3047 punit
400 2971 589 3048 martyrem·

192 3067 195 3074 '
253 3051 457 3131 innocentem
479 3067 604 3130 noxius.

705 3141 712 3151 =
932 3114 1171 3196 qualescunque
1192 3112 1347 3196 langurdr.
1418 3143 1421 3150 ⁴

210 3271 278 3337 Sed
301 3293 363 3340 nec
384 3292 484 3358 prece
511 3294 616 3356 neque
638 3274 731 3354 minis
887 3275 979 3361 Ergo
1001 3279 1096 3361 virgo
1118 3280 1311 3363 praelecta,
1471 3279 1515 3343 45
1545 3361 1548 3368 1

211 3375 298 3440 {lecti
319 3385 429 3460 potest
452 3399 472 3442 a
494 3377 611 3442 divinis
754 3373 759 3381 ’
793 3376 835 3441 20
890 3399 963 3461 quae
986 3388 1019 3444 et
1036 3389 1160 3464 martyr
1183 3401 1219 3444 es
1241 3381 1358 3446 effecta
1465 3377 1478 3398 ⁶

253 3479 409 3549 Katerina
430 3482 603 3566 laudibus,
713 3547 716 3554 ,
934 3483 1012 3565 agni
1035 3483 1103 3564 sine
1126 3484 1268 3564 macula,

211 3603 283 3666 quae
306 3583 381 3648 dum
404 3581 565 3648 Christum
587 3582 771 3668 confitetur,
890 3602 949 3648 ora
971 3583 1080 3666 deum,
1096 3585 1137 3648 ¹ut
1160 3585 1322 3649 salvemur

210 3687 372 3770 refragari
393 3705 458 3751 non
480 3692 615 3762 veretur,
667 3678 669 3683 ’
889 3684 1057 3752 adelictis
1079 3694 1113 3750 et
1135 3687 1324 3754 mundemur
1429 3739 1431 3744 .

254 3790 413 3856 idolorum
437 3775 627 3856 cultibus¹
783 3799 787 3806 ’
931 3801 1004 3854 cunr
1026 3791 1147 3855 sanctis
1170 3792 1203 3854 in
1226 3790 1341 3874 gloria.
1455 3791 1515 3882 ,50

297 3939 346 4030 lis.
365 3993 400 4032 uu
416 3975 570 4044 llirnchen,
591 3976 660 4031 Clm.
681 3978 776 4032 12110.
794 3973 814 4030 f.
832 3978 874 4030 55.
893 3991 943 4031 aus
962 3976 1023 4029 dem
1042 3977 1076 4028 12
1094 3949 1191 4028 Jahrh.
1209 3972 1239 4027 in
1258 3974 1335 4029 einer
1353 3973 1445 4029 Messe
1463 3971 1522 4031 aui

211 4063 255 4118 die
272 4064 383 4136 lleilige
410 4067 476 4136 (A).
512 4065 579 4120 Fast
598 4064 649 4118 das
666 4081 756 4137 ganzo
775 4061 905 4122 Officium
923 4064 960 4118 ist
977 4064 1007 4118 in
1023 4061 1213 4117 Reimversen.
1238 4062 1297 4117 tls.
1315 4077 1351 4116 zu
1368 4059 1520 4133 scnttgarc

210 4151 283 4207 Bibl.
301 4154 345 4207 20.
363 4151 384 4209 ι’.
403 4151 439 4208 80
456 4152 507 4207 mit
525 4151 576 4206 der
592 4151 727 4222 Mamilia,
747 4154 782 4209 13
805 4151 903 4209 tanto.
922 4152 987 4220 (B).

301 4278 316 4328 1
335 4250 416 4332 Gath'.
436 4275 476 4342 A,
494 4272 675 4346 Schreibnng
693 4273 742 4329 des
760 4272 953 4332 Rubricatcrs.
988 4273 1076 4327 5-8
1094 4269 1191 4327 fallen
1210 4271 1242 4328 B.
1279 4271 1312 4326 13
1331 4257 1384 4330 sad
1401 4274 1439 4342 B,
1455 4271 1516 4328 vir-

211 4361 277 4433 gine
296 4363 326 4417 B.
363 4363 397 4416 16
415 4377 497 4433 quam
515 4362 546 4416 B.
575 4363 610 4432 19
628 4377 690 4433 quar
708 4377 761 4418 nec
780 4363 811 4418 B.
838 4363 875 4418 21)
892 4360 985 4433 potuit
1003 4361 1034 4415 B.
1060 4363 1095 4414 23
1113 4357 1252 4414 refrenari
1270 4359 1300 4413 B.
1322 4359 1359 4412 26
1374 4362 1468 4416 cuneis
1482 4361 1515 4416 B.

209 4451 245 4504 29
259 4452 322 4522 jam
340 4453 376 4504 tr.·
393 4451 429 4518 B,
465 4454 494 4505 et
511 4447 531 4505 f.
549 4449 598 4506 sed
615 4452 648 4506 A
693 4452 728 4506 ³5
756 4457 787 4508 ut
814 4463 840 4523 q.
867 4452 897 4506 B.
951 4451 987 4505 36
1014 4465 1086 4520 pura
1112 4449 1142 4502 Β.
1195 4450 1231 4506 38
1258 4448 1427 4520 angelorum
1452 4448 1512 4503 ΑΒ.
1548 4497 1551 4504 .

210 4538 245 4590 lo
263 4537 324 4591 laec
343 4541 387 4592 est
404 4553 431 4591 v.
452 4537 483 4592 B.
519 4539 554 4593 46
574 4542 618 4593 est
636 4537 668 4594 B.
707 4539 743 4595 ts
760 4536 921 4594 mundemur
939 4540 969 4594 B.
1005 4523 1040 4592 dt
1059 4535 1201 4592 salvemur
1219 4535 1249 4590 B.
1344 4541 1349 4548 '
