3332 5318
202 349 268 418 180

201 539 253 610 lin
274 533 391 624 Agnes
414 540 488 605 coeli
511 539 650 623 civibus,
880 538 1011 604 intextis
1032 539 1155 622 passim
1181 539 1335 622 stragulis
1467 543 1508 608 15

245 656 305 710 suo
328 645 503 728 conjuncta
526 645 636 728 ooetui,
788 645 827 708 10
924 659 995 706 cum
1017 642 1151 725 gemmis
1174 645 1428 710 coruscantibus.
1505 669 1508 674 ·

200 746 402 833 praefulgens
425 747 636 830 apparatibus

245 850 339 916 adest
361 849 521 915 tradenda
542 850 663 934 nuptui.
880 827 932 896 Sit
954 849 1039 915 aglw
1062 832 1135 916 regi
1158 833 1274 916 gloriae

922 933 1014 1016 lans,
1037 932 1139 1000 decus
1162 943 1195 999 et
1217 934 1403 1020 imperium,

201 1037 365 1106 connexis
388 1041 458 1104 auri
480 1039 587 1104 fibulis
880 1036 973 1120 cnjus
995 1037 1111 1105 fruitur
1133 1039 1218 1104 facie

244 1151 295 1208 est
316 1142 428 1208 induta
449 1141 647 1226 duplicibus,
922 1137 1039 1224 Agnes
1057 1142 1157 1225 jubar
1179 1143 1368 1208 scelestium.
1465 1143 1508 1208 20

288 1325 461 1382 Karlsruher
478 1325 534 1384 Hs.
546 1343 573 1382 c.
592 1325 644 1382 No.
663 1327 697 1380 15
715 1325 814 1382 Jahrb.
834 1323 884 1379 mit
902 1324 953 1382 dor
970 1325 1099 1380 Melodie.

526 1643 612 1718 775.
651 1645 709 1716 De
734 1671 761 1716 s.
791 1640 944 1743 Agnctc.
978 1641 1217 1720 adtendam..

197 1845 314 1931 Agnes
336 1849 369 1912 in
392 1850 468 1932 agni
492 1849 606 1913 solium
877 1851 1080 1932 Praefulgens
1103 1848 1285 1914 diademate

242 1969 314 2018 cum
331 1951 436 2035 jubilo
460 1950 653 2032 traducitur,
921 1953 963 2018 ad
984 1953 1134 2018 dextram
1157 1955 1235 2036 agni
1256 1953 1395 2038 residet,
1466 1957 1506 2021 10

199 2074 264 2138 qno
286 2057 400 2138 regale
423 2056 608 2139 conjugium
876 2057 1089 2140 psallentibus
1111 2057 1144 2120 in
1166 2064 1317 2122 neumate

242 2179 314 2226 cum
336 2161 442 2242 gloria
464 2159 641 2243 perficitur.
921 2161 1029 2226 choris
1052 2162 1166 2244 regina
1187 2159 1353 2245 praesidet.
1400 2209 1402 2212 -

197 2325 365 2394 Laetantur
388 2326 421 2389 iu
444 2325 594 2392 convivio
804 2325 823 2388 5

241 2430 404 2511 convivae,
426 2445 547 2514 sponsa
569 2427 685 2495 fruitur
877 2417 929 2486 Sit
950 2439 1036 2503 agno
1055 2421 1126 2504 regi
1149 2427 1223 2496 etc.x
1329 2415 1332 2419 ’

95 2612 108 2624 .
197 2535 230 2598 in
251 2534 413 2617 virginum
436 2533 593 2615 triclinio,

240 2649 379 2724 sponsus
403 2656 556 2723 sponsam
579 2637 791 2722 amplectitur.

283 2827 342 2881 Ans
361 2824 510 2880 desselben
528 2824 583 2893 ils,
601 2823 694 2879 werin
713 2823 786 2878 auch
803 2821 848 2876 die
867 2820 997 2892 bfelodie.

203 2944 206 2950 ’
284 2946 318 3000 V.
337 2949 362 3002 9.
390 2947 534 3015 diadema,
554 2943 690 3013 ἅνεπλὲξω
708 2949 782 3016 νίκης
800 2942 929 3018 διάδημα.
958 2943 1018 3001 oct.
1036 2946 1080 2998 21.
1107 2943 1136 3000 S.
1154 2943 1205 3000 No.
1225 2943 1286 3014 580,
1304 2946 1329 3005 1.

282 3067 443 3139 Folgeudes
462 3067 549 3122 kurm
567 3065 636 3123 Lied
660 3063 714 3122 auf
727 3065 804 3122 diosc
823 3065 935 3138 Heilige
954 3067 1031 3120 steht
1048 3065 1085 3118 im
1103 3063 1311 3121 Antidotarium
1330 3065 1430 3121 animae
1447 3067 1505 3125 Nic.

198 3155 307 3210 Soliceti.
326 3156 480 3226 Argentor.
500 3157 577 3210 1491.
597 3153 617 3210 f.
636 3157 695 3210 1143.
714 3155 770 3209 und
788 3153 817 3208 iu
835 3154 886 3209 der
903 3153 951 3210 Hs.
970 3171 1006 3208 zu
1022 3153 1122 3222 lllaiuu,
1140 3153 1215 3224 Aug.
1234 3153 1286 3208 No.
1300 3155 1363 3208 439.
1380 3154 1424 3212 Bi.
1438 3156 1502 3212 201.

300 3243 323 3300 0
342 3259 453 3316 gemma
469 3243 629 3316 pudicitiae,
946 3241 1078 3314 puritatis
1097 3241 1303 3311 spectaculum,

254 3349 255 3352 ¹
297 3329 470 3402 virginitatis
489 3331 644 3401 speculum,
881 3326 884 3337 '
946 3329 998 3383 duc
1016 3327 1053 3383 ad
1072 3329 1230 3398 trophaeum
1248 3328 1353 3400 gloriae

295 3419 384 3492 jubar
401 3419 578 3474 innocentiae.
952 3432 1019 3486 nos,
1038 3417 1152 3488 Agnes,
1171 3415 1207 3470 ad
1225 3415 1394 3486 agniculum.

649 3739 734 3814 776.
768 3739 828 3810 ne
854 3763 882 3812 s.
904 3739 1057 3836 Agnete.

192 3941 327 4029 Aptata,
349 3941 475 4026 Agnes,
497 3939 648 4027 lampade
871 3943 1024 4009 Famam
1045 3939 1178 4005 vivendi
1199 3941 1337 4023 instrue,

192 4050 235 4116 ad
257 4050 385 4134 nuptias
407 4050 435 4113 is
458 4048 558 4113 hodie
870 4065 931 4112 nos
952 4064 1052 4130 prece
1074 4051 1130 4108 toa
1153 4043 1307 4126 confove,
1459 4046 1499 4110 10

192 4155 305 4219 aeterni
328 4155 418 4238 regis
441 4153 573 4236 gloriae,
871 4159 907 4216 nt
927 4150 1088 4234 possimus
1110 4147 1265 4214 resistere

192 4278 287 4341 quem
309 4257 443 4323 laudant
465 4258 569 4321 turbae
593 4254 724 4327 coelicae.
871 4254 973 4318 hostis
995 4252 1098 4317 nostri
1120 4252 1281 4316 versutiae.

191 4447 293 4513 Grata
316 4448 455 4512 conviva
479 4447 605 4530 superis
797 4447 816 4507 5
870 4444 1047 4528 Exemplar
1070 4445 1147 4508 vitae
1168 4444 1329 4527 virginum

190 4553 315 4618 coelesti
338 4569 458 4636 sponso
477 4550 627 4634 jungeris
871 4558 959 4613 tunm
981 4549 1119 4633 implora
1141 4547 1255 4628 filium,

189 4655 341 4739 amplexu
365 4656 447 4720 casti
469 4655 616 4734 foederiS,
871 4639 905 4717 ut
927 4652 999 4735 ejus
1022 4672 1083 4735 per
1106 4651 1258 4717 auxilium
1459 4651 1498 4714 15

189 4757 349 4842 prudeus,
372 4776 437 4825 non
461 4778 594 4845 compar
616 4759 722 4824 fatuis.
768 4833 770 4836 ¹
870 4757 1044 4839 migremus
1067 4775 1128 4840 per
1151 4755 1289 4848 exilium.
