3294 5322
228 367 293 430 los

319 549 335 602 5
354 548 436 604 vovit
453 548 484 606 p,
523 549 628 602 11-1s
647 548 744 618 steben
762 545 791 601 in
809 548 822 601 l
839 546 912 602 naoln
929 547 954 601 6.
992 545 1097 602 16-20
1114 545 1143 599 in
1160 545 1199 602 B:

370 636 477 692 clarior
494 636 523 690 in
543 651 630 705 opero
977 633 1047 688 civis
1066 638 1130 689 erat
1148 647 1262 706 genere.

368 723 446 779 urbis
465 727 527 777 erat
545 723 647 778 Patere
1034 717 1151 777 hierauf
1165 721 1227 776 eine
1244 721 1346 778 Liiolre.

230 811 264 866 18
282 811 413 866 Potherae
431 811 489 880 AD,
508 811 553 866 die
572 809 749 883 griechisohe
762 807 960 866 Namensiorm
972 808 1079 865 Patara
1097 808 1204 864 lnommt
1222 810 1250 864 in
1269 809 1453 864 lateiniseben
1468 809 1538 865 llss.

230 900 401 954 schwerlieh
418 916 482 955 vor.
516 901 623 955 21-24
641 899 740 954 stehen
758 899 787 953 in
804 899 817 954 1
834 900 907 954 nach
926 901 967 954 16.
1001 902 1037 954 22
1054 897 1119 952 dum
1136 897 1208 953 stud.
1227 898 1257 953 1³.
1292 900 1327 953 23
1346 898 1392 952 dei
1404 897 1484 952 verb.
1501 899 1538 952 Η.

228 990 265 1042 24
283 991 410 1056 vertere,
435 986 501 1041 alle.
535 988 571 1042 26
589 986 687 1041 besser
706 1002 809 1058 aegros.
844 987 881 1042 30
894 986 977 1042 datus
997 986 1016 1042 l.
1050 987 1094 1040 33.
1111 987 1147 1040 ot
1167 985 1262 1040 lauten
1280 986 1309 1041 in
1328 986 1340 1040 1
1358 1002 1405 1041 so:
1434 999 1540 1058 regem
1625 989 1626 998 ’

229 1090 328 1129 somno
346 1073 466 1142 terruit,
485 1073 642 1129 stratilates
661 1073 743 1130 eruit.
778 1075 814 1128 39
831 1073 1007 1144 voluptatem
1024 1071 1054 1141 1,
1074 1071 1269 1128 enormitatem
1285 1073 1317 1127 E.
1353 1075 1396 1128 43.
1414 1073 1451 1127 ll
1469 1071 1538 1126 sind

227 1161 376 1229 verstellt,
409 1162 548 1217 womitB
573 1159 698 1217 aulhbrt.
752 1163 788 1215 50
811 1159 880 1217 retit
902 1161 934 1216 ll.
989 1163 1023 1216 53
1041 1161 1069 1216 in
1088 1175 1247 1215 armoreum
1265 1160 1294 1217 G.
1346 1161 1382 1215 56
1400 1159 1539 1228 manati,

227 1248 389 1320 multigenis
407 1248 437 1304 ll.
473 1248 509 1302 66
527 1248 628 1304 rosulis
647 1249 685 1318 H,
710 1253 739 1303 et
762 1249 801 1303 ist
826 1249 875 1303 des
894 1249 999 1304 Verses
1018 1263 1119 1320 wegen
1143 1248 1172 1302 in
1189 1247 1212 1302 Ε
1230 1247 1379 1303 ausradirt.
1415 1247 1451 1301 66
1469 1261 1542 1316 pre-

230 1336 309 1390 cibus
328 1332 374 1390 tiir
393 1339 516 1390 otnant.
536 1336 556 1404 1,
574 1342 605 1391 tu
623 1352 676 1392 nos
694 1338 821 1405 nautA‚
839 1336 974 1392 mutall.
1010 1338 1045 1391 '13
1063 1335 1141 1393 salus
1162 1332 1234 1390 fehlt
1252 1335 1281 1391 p,
1313 1337 1348 1389 ‘ll
1366 1351 1384 1390 a
1401 1349 1482 1405 paee.
1501 1333 1538 1391 G.

227 1423 263 1477 ‘18
279 1421 416 1477 medicina
432 1422 535 1477 AFGll.
572 1423 607 1477 79
625 1422 688 1477 iude
708 1423 737 1478 0.
773 1413 809 1478 Sl
826 1421 915 1478 totum
933 1419 953 1476 f.
972 1421 1081 1492 donum,
1099 1422 1156 1478 alle
1174 1437 1274 1477 ausser
1292 1422 1323 1480 G.

314 1509 371 1564 Das
388 1509 456 1564 lied
473 1508 587 1564 besteht
613 1509 656 1564 bis
682 1508 715 1563 V.
735 1510 771 1564 60
797 1525 849 1574 aus
875 1510 1174 1580 &Strophenpaarem
1206 1507 1313 1566 darauf
1335 1506 1436 1582 folgen
1458 1511 1539 1568 uwei

227 1597 364 1664 absone,
387 1596 472 1669 jeder
489 1613 547 1652 von
565 1599 582 1652 3
601 1596 763 1668 Strophen‚
794 1597 845 1653 mit
861 1597 1023 1669 strigender
1040 1597 1152 1652 Annahl
1170 1597 1220 1652 der
1237 1596 1334 1652 Ve'rse.
1379 1598 1445 1656 Yon
1463 1598 1539 1652 dnn-

227 1683 330 1738 lichem
347 1684 407 1738 Bau
425 1684 463 1739 ist
480 1683 533 1738 No.
553 1683 613 1738 661.
1357 1677 1360 1684 ’

658 1966 767 2040 1095.
803 1967 861 2039 De
888 1993 916 2040 s.
942 1965 1102 2039 Nicolao.

228 2184 305 2251 Ave
326 2192 421 2268 pater
444 2186 682 2270 orphanorum,
904 2207 965 2253 nos
986 2207 1048 2272 pro
1070 2189 1138 2252 vita
1160 2187 1317 2254 criminali
1490 2191 1534 2252 25

273 2287 376 2352 duleis
398 2287 550 2367 Nimiae,
738 2300 741 2308 ·
905 2289 1153 2374 praesentandos
1174 2290 1329 2355 tribunali

228 2390 417 2457 sublevator
438 2391 643 2473 miserorum,
793 2409 797 2416 ·
944 2391 1065 2477 Judiois
1083 2391 1191 2456 severi

270 2513 331 2559 nos
354 2516 374 2559 a
395 2504 498 2561 morte
520 2495 631 2578 trahe3
905 2515 969 2562 non
992 2498 1160 2582 permittas
1183 2495 1417 2580 condempnari

227 2599 322 2664 trahe
344 2591 410 2663 nos
427 2599 469 2664 ad
492 2601 569 2666 vitae
591 2606 735 2684 portum,
832 2603 851 2664 5
906 2608 939 2666 et
961 2618 1021 2665 nos
1043 2619 1144 2684 preoe
1170 2601 1327 2683 singulari

228 2703 271 2767 ad
293 2704 487 2768 amoenitatis
511 2703 655 2786 hortum,
949 2704 1059 2787 salva,
1082 2703 1183 2770 deoor
1205 2704 1284 2768 veri.
1489 2705 1533 2770 30

293 2817 405 2875 saneta
427 2809 585 2876 Nioolae!
1049 2818 1055 2829 ’

905 2893 996 2978 Avo,
1020 2896 1075 2978 qui
1097 2896 1270 2980 perieulis·
1350 2897 1353 2908 '

227 2993 320 3074 Ave,
345 2997 398 3078 qni
422 2997 601 3080 virginibus
948 3005 1052 3063 motus
1075 2999 1321 3080 naufragorum,

271 3117 351 3164 auro
375 3102 570 3185 subvenisti,
904 3101 1016 3167 frantie
1034 3102 1105 3185 jam
1126 3101 1284 3169 vehiculis

229 3221 308 3284 quas
331 3212 465 3270 aeternae
487 3206 604 3272 linibus
812 3210 851 3273 10
946 3205 1040 3270 navis
1064 3213 1096 3270 et
1117 3223 1294 3288 remoram,

250 3307 384 3370 nortis
408 3307 588 3389 abduxisti3
903 3309 1009 3374 nautis
1029 3310 1104 3393 pius
1127 3309 1305 3375 advocatus
1488 3313 1534 3375 35

228 3408 269 3474 de
293 3409 388 3473 domo
412 3413 593 3495 spurcitiae,
649 3457 651 3464 .
728 3461 732 3468 .
904 3413 1024 3478 affuisti
1045 3414 1215 3478 invooatus

227 3518 337 3575 custos
359 3512 539 3595 pudicitiae,
949 3513 992 3578 ad
1015 3515 1151 3580 sulutem
1173 3515 1306 3580 norun:

269 3614 404 3678 mundas
427 3616 587 3681 eduxisti:
906 3635 988 3700 quos
1010 3617 1187 3702 oharybdis
1210 3619 1376 3704 inexpleta

226 3735 285 3781 nos
308 3738 328 3782 a
350 3718 459 3781 mundi
483 3718 618 3786 faecibus
812 3725 851 3786 15
948 3724 1060 3786 sorbet
1081 3723 1250 3806 vitiorum,

226 3819 289 3882 tuis
312 3819 373 3902 piis
395 3821 549 3902 preoibus
906 3823 989 3890 eduo
1011 3833 1106 3909 pater
1129 3825 1172 3890 ad
1195 3827 1303 3909 quieta
1487 3829 1533 3894 40

271 3924 333 3990 duo
356 3925 398 3990 ad
420 3926 548 3992 donnum
571 3927 700 3994 Christi.
970 3929 1080 3995 littora
1100 3931 1237 4015 piorum.

226 4110 317 4195 Ave,
341 4115 395 4196 qui
418 4114 459 4180 de
482 4118 598 4183 funere
903 4121 996 4205 Ave,
1020 4125 1113 4209 eujus
1136 4145 1269 4192 munere

234 4251 236 4258 ·
268 4218 362 4282 trium
385 4239 559 4302 puerorum
948 4228 1086 4294 eredidit
1107 4230 1261 4313 ludaeos,

225 4319 391 4388 venditam
413 4344 474 4408 pro
498 4347 629 4391 munere
807 4329 850 4394 20
904 4331 979 4397 dum
1001 4352 1062 4414 per
1085 4341 1117 4398 te
1141 4333 1182 4397 de
1206 4333 1319 4400 sunere

268 4425 382 4510 vitam,
405 4447 470 4492 non
492 4447 638 4512 reorum,
802 4429 805 4436 “
946 4437 1120 4504 suscitatur
1142 4429 1235 4523 rbus,
1484 4441 1526 4508 45

224 4528 371 4596 liberasti
393 4550 571 4616 prospere,
904 4540 959 4622 qui
980 4548 1056 4624 post
1079 4562 1192 4609 aarum
1214 4543 1309 4627 abiit,

225 4651 376 4700 curreres
399 4635 474 4700 dum
495 4655 639 4719 propere
869 4691 873 4700 .
903 4643 991 4728 quod
1012 4644 1147 4712 Judaeus
1168 4647 1282 4712 babuit

264 4735 385 4818 judicis
407 4738 449 4802 ad
472 4739 595 4839 forum:
947 4745 1147 4830 crediditque
1170 4767 1229 4813 reo
