3326 5322
205 287 271 356 166

205 477 294 546 luter
315 477 454 560 quinque
476 477 643 561 sapientes
882 493 1008 560 preses
1026 483 1062 542 ut
1084 477 1168 542 hano
1188 478 1361 562 imperavit

206 581 333 666 puellas
355 581 441 646 hanc
463 589 659 665 reponentes
787 581 829 645 to
882 581 966 646 oaedi
987 582 1110 665 virgis,
1132 600 1196 647 non
1217 584 1350 666 expavit
1470 585 1516 648 35

248 703 442 748 veneremur
465 683 628 749 laudibus:
925 683 1088 751 Christum
1112 703 1210 750 orans
1235 686 1357 752 sedula.

206 786 303 871 hujus
325 787 440 852 lumen
456 788 600 852 caritatis

206 912 249 957 ex
271 892 397 975 liquore
420 893 590 957 suavitatis

248 993 392 1060 ardescit
413 995 624 1080 lampadibus.

882 846 991 912 Fortis
1014 848 1087 912 haec
1109 847 1141 910 in
1165 846 1318 931 passione

881 969 1022 1033 pugnam
1046 948 1149 1032 gessit
1171 969 1243 1014 cum
1265 949 1424 1032 dracone,

798 1097 802 1106 .
925 1070 1019 1134 quem
1043 1050 1140 1116 scidit
1159 1071 1219 1134 per
1242 1050 1396 1134 medium,

205 1155 286 1224 flac
307 1158 339 1223 in
363 1158 455 1222 annis
473 1158 654 1241 juventutis
787 1160 828 1222 25
880 1162 956 1238 post
978 1153 1051 1218 haec
1073 1154 1202 1218 demum
1224 1156 1370 1220 cruciata
1467 1156 1512 1230 111

204 1259 365 1326 excultrix
387 1259 451 1323 viae
474 1261 586 1324 salutis
883 1265 934 1321 est
957 1258 1077 1322 ardore
1101 1265 1308 1323 concremata

246 1382 332 1427 vana
354 1364 479 1447 sprevit
502 1363 606 1445 idola,
756 1365 761 1376 “
923 1360 1109 1443 lampadum
1132 1348 1321 1425 ardentium.

203 1483 274 1530 curn
297 1465 446 1548 praefecti
467 1474 545 1529 vota
568 1466 705 1549 spernit,

204 1584 280 1632 mox
303 1567 421 1632 adesse
445 1588 558 1652 poenas
582 1571 685 1634 cernit

245 1671 319 1736 haec
342 1671 445 1737 dulcis
468 1672 664 1736 christicola.

879 1521 984 1604 Virgo
1006 1523 1106 1588 vitam
1129 1524 1239 1588 ferens
1262 1523 1412 1588 mundam

785 1672 827 1734 30
880 1645 1009 1709 poenam
1031 1626 1119 1690 vasis
1141 1628 1425 1724 perfertluudam,

922 1731 1040 1795 collum
1064 1730 1196 1796 tradens
1215 1732 1342 1815 jugulo.
1464 1731 1508 1794 ts

203 1832 365 1900 Constans
389 1833 454 1898 fide
477 1841 679 1916 carceratur,
881 1851 962 1916 ergo
984 1834 1099 1898 laudes
1127 1835 1349 1918 hymnizemus

205 1957 268 2003 nec
289 1959 311 2003 a
332 1936 462 2001 Christo
481 1944 654 2020 separatur
882 1935 1030 2019 Christo,
1054 1956 1232 2021 perquem
1255 1958 1315 2003 nos
1338 1938 1488 2004 videmus

245 2042 366 2106 tenella
388 2041 594 2123 virguncula,
924 2041 998 2106 haec
1020 2043 1115 2125 signa
1137 2044 1169 2106 in
1191 2043 1322 2126 populo.
1378 2098 1381 2103 .
1451 2115 1455 2122 ,

288 2225 336 2281 Hs.
355 2241 390 2278 nu
407 2223 547 2295 Freiburg
565 2221 618 2278 No.
637 2222 681 2276 66.
706 2220 756 2276 des
776 2222 809 2274 15
826 2220 926 2277 dahrln
951 2221 1017 2290 (A).
1054 2221 1220 2310 Sacrilieale
1239 2225 1430 2288 itinerantium
1447 2241 1507 2281 von

202 2311 279 2367 toan.
298 2309 349 2366 tol.
367 2313 402 2366 52
420 2312 485 2380 (B),
503 2311 548 2365 als
565 2309 727 2381 Sequentia.
873 2314 876 2319 ’
1497 2318 1503 2332 ·
1535 2313 1546 2321 -

289 2433 436 2506 3gandia
459 2435 493 2490 A.
545 2431 687 2504 'tpsallat
705 2431 810 2486 chorus
828 2431 861 2484 B.
911 2430 1009 2485 Shaec
1028 2431 1104 2487 steht
1121 2432 1194 2487 nach
1212 2433 1307 2504 polor.
1324 2435 1363 2501 A,
1395 2433 1432 2488 ad
1450 2441 1509 2488 vor

201 2523 259 2595 pal.
276 2525 310 2580 A.
357 2524 391 2577 10
409 2521 525 2592 plaudat
543 2521 574 2576 B.
620 2523 651 2574 11
671 2519 734 2574 veri
751 2517 850 2589 sponsi
864 2517 926 2590 jam
945 2519 976 2574 B.
1011 2521 1045 2572 15
1064 2519 1159 2590 deum,
1177 2521 1225 2576 tls.
1259 2524 1294 2576 22
1313 2521 1454 2576 claritatis
1472 2521 1507 2574 Β.

199 2611 237 2666 26
255 2615 299 2666 est
317 2609 382 2665 1111
400 2609 432 2664 Β.
468 2610 504 2663 36
523 2608 568 2663 hic
586 2609 617 2663 B.
653 2608 689 2662 st
706 2603 827 2678 profert,
847 2604 904 2675 lle,
923 2602 981 2660 lert
998 2621 1051 2677 per
1069 2607 1099 2661 B.

604 2892 713 2966 1046.
752 2891 810 2964 Ile
835 2918 862 2964 s.
888 2889 1104 2990 margareta.

202 3101 307 3184 Virgo
330 3099 383 3166 dei
405 3099 596 3182 Margareta
878 3115 973 3186 quam
996 3101 1032 3160 11
1054 3096 1215 3160 transiens
1239 3096 1438 3180 praelectus-

206 3205 269 3270 hac
290 3205 323 3268 in
347 3203 399 3267 die
422 3204 494 3269 coeli
517 3204 593 3267 laeta
878 3200 973 3284 vidit,
997 3209 1084 3266 amat
1106 3210 1138 3264 et
1161 3202 1288 3266 illectus

246 3307 372 3375 scandit
395 3307 437 3372 ad
459 3307 595 3390 palatia,
922 3307 1010 3390 cupit
1033 3325 1187 3390 sponsam
1210 3306 1341 3372 ducere.

202 3434 245 3478 ex
267 3413 331 3478 hoc
353 3412 471 3476 mundo
494 3430 589 3493 quam
612 3410 744 3475 vocavit

203 3524 237 3581 et
258 3516 291 3580 in
315 3516 399 3580 coelo
422 3515 596 3580 collocavit
738 3543 742 3547 ·
806 3515 825 3574 5

245 3618 302 3702 pia
320 3615 441 3680 Christi
463 3617 579 3699 gratia.

843 3505 851 3518 ·
879 3471 979 3556 Cujus
998 3472 1094 3556 jussu
1118 3472 1354 3558 comprehensa

877 3594 939 3642 nec
960 3596 1021 3659 per
1042 3576 1145 3640 minas
1167 3595 1229 3640 nec
1250 3576 1396 3640 inmensa
1463 3578 1507 3642 20

921 3699 981 3762 per
1003 3680 1163 3762 promissa
1186 3678 1346 3761 tlectitur,

200 3779 283 3846 Haec
304 3781 423 3846 virtute
442 3780 495 3845 dei
517 3781 616 3865 plena
661 3850 665 3858 ,
879 3801 915 3846 se
937 3782 1057 3846 fatetur
1080 3783 1303 3864 christianam,

202 3885 262 3950 fuit
284 3904 326 3948 ex
348 3881 555 3950 Antiochena
880 3885 959 3951 deos
983 3887 1124 3969 spernit,
1148 3885 1244 3950 fidem
1269 3905 1380 3950 sanam
1454 3898 1456 3904 '

248 3987 380 4052 civitate
403 3988 530 4070 genita,
924 3987 1044 4053 Christi
1066 3989 1142 4053 dum
1165 3989 1377 4074 amplectitur.

203 4094 309 4160 carnis
331 4113 392 4176 per
414 4093 613 4157 nobilitatem
785 4088 825 4150 10
1462 4089 1465 4096 '

203 4196 349 4278 fulgens,
373 4203 466 4258 extra
489 4193 652 4257 civitatem

248 4300 289 4364 ad
313 4299 463 4363 alendum
487 4295 612 4360 tradita.

878 4155 971 4222 Hanc
994 4156 1111 4236 iratus,
1134 4156 1208 4238 plus
1228 4175 1323 4236 quam
1338 4154 1429 4220 credi
1460 4157 1504 4218 25

877 4259 996 4341 possit,
1019 4275 1144 4340 praeses
1165 4257 1262 4340 jubet
1284 4256 1407 4348 coedi,¹

218 4431 220 4438 ¹
922 4360 979 4424 sed
1003 4362 1035 4424 in
1058 4382 1176 4424 vanum
1199 4360 1348 4445 caeditur,

203 4462 274 4530 Sed
295 4466 411 4529 nutrici
434 4462 657 4529 commendata
878 4485 953 4529 narn
975 4465 1052 4528 licet
1073 4465 1296 4530 incarceratur

203 4569 298 4651 virgo
321 4586 385 4632 non
409 4576 458 4632 est
481 4567 657 4651 dedignata
713 4625 720 4640 ,
879 4568 1072 4652 ungulisque
1095 4570 1280 4646 laceratur,

248 4671 319 4755 ejus
343 4689 423 4738 oves
444 4690 599 4758 pascere,
773 4669 825 4770 ,15
922 4688 987 4735 uon
1011 4679 1117 4754 tamen
1141 4671 1330 4737 devincitur.
1462 4675 1506 4740 30
