3326 5322
237 328 304 398 sto

328 517 346 571 3
364 516 412 588 qui
429 517 491 585 lla,
514 515 590 572 kann
608 515 721 586 stehem
738 528 822 572 wenu
840 529 904 571 man
922 511 1068 588 subfulget
1085 519 1171 585 estut,
1194 515 1264 572 aber
1282 517 1328 572 die
1345 519 1457 577 Anrede
1476 526 1548 595 geht

236 615 295 658 von
314 605 408 673 1-3,
438 603 526 658 daher
543 603 582 658 ist
599 619 654 676 quo
672 603 779 658 nosset.
807 625 810 630 ·
828 607 854 659 7.
872 604 889 659 8
906 603 960 658 mir
981 604 1090 659 scheiut
1107 603 1182 660 dulei
1200 605 1338 662 docmina
1356 608 1421 664 luce
1439 610 1546 669 divinae

236 688 343 744 besser.
378 690 415 743 26
432 689 479 744 iola
495 691 607 746 mdchte
625 691 703 745 lesen
722 691 795 768 diem
812 689 927 746 induxit
963 690 999 746 28
1021 690 1159 746 sinuare
1177 692 1283 748 besser.
1341 766 1346 776 .

325 820 361 876 V.
378 820 422 876 38.
445 819 525 876 Naolr
543 819 605 874 dem
621 819 683 876 Ave
700 818 788 874 marie
805 807 898 874 stelin
933 818 988 875 No.
1005 819 1066 888 496,
1085 819 1131 874 31.

583 1173 669 1246 972.
703 1169 832 1244 Oratio
859 1117 904 1244 ad
927 1197 954 1244 s.
976 1171 1212 1244 Jeronimum.

238 1410 316 1478 Ave
337 1431 466 1497 gemma
486 1412 682 1495 venustatis,
915 1410 1047 1477 Laudes
1070 1419 1135 1477 tuae
1157 1411 1271 1477 laudes
1295 1411 1363 1495 dei,
1502 1417 1545 1480 25

238 1515 358 1582 ardens
380 1517 458 1601 igne
481 1515 639 1598 caritatis,
916 1521 992 1579 ante
1016 1533 1110 1597 quem
1131 1522 1291 1579 memento
1313 1515 1376 1580 mei

282 1615 529 1698 Christiverna
552 1616 738 1698 Jercnime,
857 1639 860 1644 ·
959 1634 1021 1702 pro
1044 1637 1095 1681 me
1119 1634 1218 1682 crans
1236 1617 1375 1704 jugiter,

181 1781 182 1784 ,
238 1724 294 1806 qui
317 1723 359 1788 de
381 1743 458 1789 rure
484 1722 613 1788 deitatis
915 1728 952 1787 ut
973 1722 1151 1805 plasmator
1173 1723 1275 1786 omnis
1298 1723 1348 1787 rei

239 1826 335 1891 vellis
358 1827 469 1910 spinas
491 1825 662 1910 pravitatis
845 1825 865 1885 5
918 1824 974 1890 det
995 1825 1179 1891 mercedem
1203 1834 1325 1891 sanctae
1348 1827 1436 1912 spei,

280 1931 411 1996 sulcans
435 1930 701 1996 constantissime.
959 1926 1107 2014 supplico
1131 1929 1309 1996 sinceriter.
1463 2021 1469 2028 .
1501 1931 1544 1996 30
1645 1937 1646 1948 ¹

236 2145 354 2229 Regna
376 2144 486 2210 mundi
508 2145 701 2229 despexisti,
915 2143 1041 2209 Dextra
1065 2143 1118 2208 dei
1137 2152 1170 2208 te
1193 2144 1333 2210 firmavit

237 2247 368 2314 Christo
390 2249 495 2314 Jhesu
518 2249 684 2313 adhaesisti
916 2253 950 2312 et
971 2247 1090 2311 virtute
1114 2248 1283 2311 roboravit
1329 2275 1333 2280 ·

280 2353 388 2418 carnis
411 2361 521 2416 terens
542 2351 730 2436 spurcitias,
959 2358 1075 2416 contra
1096 2349 1224 2416 hostem
1245 2351 1477 2434 saevissimu'm,
1529 2381 1532 2388 ·

235 2472 349 2519 nemus
367 2453 504 2519 densum
526 2455 667 2543 coluisti,
824 2459 864 2522 10
915 2453 1050 2537 primum
1074 2453 1199 2536 plasma
1222 2454 1276 2536 qui
1298 2454 1495 2538 prostravit,

235 2557 336 2639 longe
358 2576 496 2640 namque
519 2561 700 2642 praevidisti
916 2555 975 2622 sed
997 2565 1029 2620 te
1052 2577 1213 2640 nunquam
1236 2558 1438 2639 obscuravit,
1499 2559 1542 2622 35

278 2659 401 2730 diaboli
422 2661 567 2727 insidias
958 2678 979 2724 o
1001 2660 1108 2726 lumen
1131 2660 1432 2745 splendidissimum.

235 2873 365 2961 Nostrae
388 2877 503 2942 mentis
525 2881 706 2964 pravitates
914 2879 997 2944 Vale
1016 2877 1082 2942 dux
1103 2878 1329 2960 ecelesiarum,
1488 2951 1491 2958 ¹

236 2981 344 3045 carnis
368 3000 517 3046 necnon
539 2984 724 3069 voluptates
915 3002 1010 3070 quem
1034 2982 1185 3046 cohortes
1208 2985 1414 3048 tenebrarum

279 3085 367 3169 pelle
388 3086 452 3150 tuis
473 3089 640 3174 preciove,
822 3094 861 3154 15
957 3084 1059 3148 velint
1079 3085 1181 3148 nolint
1205 3084 1348 3167 lugiunt,

233 3204 357 3251 morum
380 3185 496 3253 dentur
517 3175 721 3274 honestateS,
914 3189 1006 3274 cujus
1029 3189 1091 3251 rivi
1110 3188 1341 3253 doctrinarum.
1497 3191 1543 3256 40

236 3287 354 3353 cedant
377 3290 487 3354 mundi
508 3291 684 3378 vanitates,
857 3331 860 3336 -
914 3293 996 3357 sicut
1018 3292 1133 3374 ingens
1156 3287 1237 3355 fons
1253 3309 1427 3374 aquarum·

275 3410 359 3476 roga
380 3393 431 3457 his
454 3397 662 3479 pauperibus.
750 3379 753 3387 ¹
956 3396 988 3460 in
1012 3403 1179 3462 cessanter
1201 3395 1343 3462 effluunt.
1377 3475 1381 3484 Ι

233 3614 355 3696 Occid
374 3615 496 3696 laudis,
517 3618 591 3699 quid
611 3619 754 3697 tonora,
823 3621 825 3626 '
911 3613 1017 3700 Serve
1039 3617 1125 3680 bone
1149 3622 1182 3679 et
1204 3611 1361 3695 fidelis,'

231 3717 283 3781 me
306 3736 380 3782 nam
403 3719 534 3802 stringit
554 3723 602 3786 vis
625 3725 758 3805 umoris,
815 3723 857 3802 20
911 3728 945 3786 ut
968 3703 1106 3807 abjectis
1130 3722 1232 3786 hostis
1254 3722 1347 3803 telis,

269 3821 405 3908 ,reddam
426 3823 482 3888 tibi
503 3824 617 3902 dedite,
955 3825 998 3889 da
1019 3832 1073 3888 tuo
1092 3823 1275 3908 juvamine,
1495 3825 1540 3886 45

231 3929 362 3988 tanam
384 3926 526 3991 omnibus
548 3929 582 3992 in
601 3926 701 4009 torm,
756 3921 759 3927 ’
911 3935 1038 3993 etcum
1061 3929 1185 3993 civibus
1208 3928 1241 3990 in
1265 3927 1355 3991 coelis

231 4027 337 4093 cultor
359 4031 461 4093 nostri
483 4030 673 4114 salvatoris,
911 4033 1008 4096 simus
1031 4049 1090 4096 nos
1113 4033 1183 4098 sine
1200 4031 1344 4114 querelis

274 4131 461 4198 collaudant
483 4133 641 4200 ecelesia.
952 4137 1064 4200 mortis
1087 4135 1121 4198 in
1142 4136 1299 4201 examine.

317 4329 364 4385 Hs.
378 4345 418 4406 nu
435 4330 541 4401 llainu,
559 4330 631 4403 Aug.
649 4331 703 4388 No.
723 4334 784 4388 1133.
802 4333 847 4389 Bl.
865 4335 924 4389 183.
944 4331 993 4388 des
1013 4337 1046 4388 15
1064 4333 1163 4391 Jahrn

318 4469 352 4522 18
370 4472 457 4538 rogat
474 4468 528 4540 hic,
547 4470 594 4528 lla
612 4471 659 4526 hie
676 4471 753 4528 kann
770 4473 877 4528 stelen.
911 4475 947 4550 39
965 4475 1073 4546 nolunt,
1092 4461 1141 4532 lis.

317 4608 350 4662 V.
369 4610 411 4664 19.
429 4611 472 4668 20.
498 4615 556 4671 Ans
574 4613 625 4671 No.
644 4615 705 4687 263,
725 4617 794 4670 1-5
813 4616 947 4672 entlehnt.
