3294 5322
310 778 419 854 1000.
458 779 517 852 De
542 777 646 850 beata
672 779 790 853 Maria
811 781 1038 882 Magdaleua.
1077 781 1123 856 ad
1145 783 1278 860 laudes.

141 1015 254 1081 Gaude
278 1017 334 1099 pia
354 1015 568 1099 Magdaleua,
819 1018 932 1084 Gaude
954 1021 1059 1103 primo
1082 1023 1182 1107 digna
1203 1025 1268 1094 frui
1349 1011 1352 1018 ⁴

139 1137 218 1202 spes
241 1119 471 1200 salutirpvitae
494 1140 593 1203 vena,
817 1119 891 1183 visu
912 1117 1128 1204 redemptoris
1151 1126 1213 1208 tui,

182 1222 348 1306 lapsorum
370 1222 505 1305 fiducia3
862 1225 1026 1306 surgentis
1049 1225 1083 1288 iu
1104 1227 1228 1310 gloria3
1400 1231 1441 1296 15

141 1408 254 1475 Gaude
277 1409 379 1476 duleis
403 1410 581 1494 advocata,
818 1409 931 1476 Gaude
955 1431 1028 1495 quae
1050 1417 1193 1498 septenis
1216 1417 1319 1516 horis)

139 1514 334 1597 resurgendi
355 1517 460 1580 forma
481 1516 559 1580 data
743 1519 763 1582 5
817 1532 853 1578 es
876 1517 917 1580 ah
940 1523 1034 1582 antro
1056 1525 1152 1582 vesta
1174 1517 1255 1584 ioris

182 1620 308 1684 miseris
335 1629 411 1704 pust
432 1621 519 1685 vitia.
859 1617 902 1682 ad
925 1619 1000 1683 eoeli
1020 1619 1162 1703 fastigia.

142 1807 253 1872 Gaude
276 1808 354 1872 felix
378 1809 441 1874 deo
464 1815 574 1891 grata,
781 1799 784 1816 '
817 1807 946 1892 Gaude,
969 1830 1042 1893 quae
1066 1813 1114 1877 sie
1136 1814 1318 1880 sublimaris
1435 1847 1439 1858 ·

141 1911 193 1976 eui
214 1912 350 1976 remissa
372 1919 445 1976 sunt
468 1920 606 1996 peecata
816 1918 849 1974 et
872 1930 944 1976 cum
967 1911 1097 1978 Christo
1120 1915 1273 1998 gloriaris
1396 1919 1440 1984 20

183 2014 317 2095 speciali
339 2015 462 2095 gratia,
857 2015 890 2078 iu
913 2016 1038 2082 eoelesti
1060 2018 1170 2101 auria,

137 2200 252 2265 Gaude
274 2202 372 2266 lotrix
394 2202 513 2286 pedum
537 2201 674 2286 Christi,
721 2205 760 2268 10
813 2203 883 2271 Fae
906 2226 966 2272 uos
987 2208 1033 2274 ita
1055 2210 1232 2295 poenitere,

135 2325 158 2368 a
181 2322 244 2386 quo
267 2312 357 2370 tauta
378 2306 522 2370 meruisti
813 2315 849 2372 ut
871 2317 946 2392 post
968 2319 1103 2375 mortem
1127 2314 1209 2379 lueis
1230 2333 1321 2380 verae

182 2409 300 2474 amoris
322 2409 469 2508 iusignia.
503 2413 512 2423 '
859 2411 1032 2476 sortiamur
1045 2412 1183 2494 gaudia.

225 2595 273 2649 Hs.
289 2611 323 2648 uu
340 2594 439 2664 Mainz,
457 2597 528 2667 Aug.
548 2595 600 2651 No.
615 2596 675 2650 439.
694 2594 736 2649 Bl.
754 2593 805 2648 201
825 2594 875 2649 des
893 2598 927 2650 15
945 2596 1043 2652 Jahrh.
1064 2595 1131 2664 (Μ).
1167 2595 1371 2666 Strassburger
1388 2596 1438 2650 Hs.

135 2681 168 2736 Ε.
187 2682 247 2734 135.
266 2680 309 2734 Bl.
329 2682 365 2735 69
383 2677 439 2752 (Ε)
464 2681 519 2735 und
538 2681 571 2736 K
590 2683 649 2736 316.
668 2679 711 2735 Bl.
730 2681 783 2736 181
802 2681 864 2750 (S).
900 2683 940 2737 lm
958 2680 1166 2736 Antidotarium
1184 2681 1284 2735 animae
1301 2683 1356 2736 Nic.
1374 2683 1442 2738 Sutt-

133 2772 186 2822 eeti
202 2783 229 2819 v.
250 2769 317 2821 1191
337 2769 399 2838 (0),
418 2767 473 2822 und
491 2769 683 2823 Reiehenauer
701 2768 831 2839 Pap-Hs.
847 2767 900 2824 No.
913 2770 956 2823 36.
974 2768 1017 2823 Bl.
1034 2769 1087 2822 205
1107 2769 1162 2838 (R)
1179 2769 1235 2822 und
1252 2769 1298 2823 bei
1316 2771 1440 2824 Bernar-

136 2855 248 2910 dino'v.
266 2855 352 2910 siena
370 2856 425 2925 (Β)
446 2856 489 2910 als
508 2857 627 2927 hymnus
641 2857 676 2910 ad
690 2855 796 2910 laudes.
831 2857 913 2911 Aueh
930 2857 967 2910 im
984 2855 1119 2912 Hortulus
1138 2856 1238 2910 animae
1255 2855 1298 2910 BL
1308 2857 1360 2912 136
1374 2856 1441 2928 (Η).

225 2981 332 3032 2νονα
350 2977 463 3034 Druehf.
483 2979 512 3035 0.
554 2978 742 3050 5poenitendi
759 2979 863 3036 MHGS.
912 2980 1074 3052 tipropitia
1092 2980 1116 3034 11
1134 2975 1153 3034 1
1172 2985 1245 3052 post.
1263 2980 1314 3035 vit.
1361 2979 1441 3036 sdi-

136 3065 224 3119 missa
240 3065 372 3122 RBGHM.
427 3071 458 3120 11
488 3083 561 3138 aqua
587 3067 618 3120 E.
674 3068 707 3120 13
731 3067 822 3137 prima
845 3067 931 3138 SRB,
968 3066 1023 3138 dig.
1041 3063 1114 3122 fehlt
1131 3067 1162 3121 R
1217 3069 1250 3120 15
1270 3083 1330 3122 eum
1348 3067 1387 3138 gl.
1404 3069 1440 3124 R.

138 3153 172 3206 16
191 3156 297 3224 septem
316 3154 345 3210 0.
392 3157 425 3206 1s
440 3155 521 3225 jecta
538 3153 593 3210 011.
631 3154 665 3208 18
684 3154 807 3225 vestigia
825 3155 892 3224 011,
923 3155 1020 3209 summi
1038 3155 1115 3226 regis
1133 3151 1194 3208 filia
1211 3153 1266 3210 ΕΒ.
1310 3156 1345 3209 19
1363 3153 1440 3224 quod

139 3241 198 3294 sub.
217 3242 253 3309 Ε,
272 3258 334 3312 quae
353 3257 425 3296 nune
443 3239 462 3296 f.
481 3243 522 3296 sic
540 3243 578 3310 Η,
603 3257 676 3297 nuuc
695 3241 773 3296 GBR.
808 3245 844 3296 22
863 3239 968 3298 fririta
985 3243 1030 3297 hie
1048 3241 1090 3296 sie
1108 3241 1188 3299 CSM.
1224 3244 1259 3296 23
1279 3241 1354 3312 quod
1371 3246 1401 3298 st
1416 3239 1440 3296 t:

139 3333 171 3383 ut
187 3328 267 3385 EKS.
302 3329 353 3384 Die
371 3333 388 3384 3
407 3330 511 3385 letutsn
530 3331 619 3384 Versa
637 3328 734 3385 fehlen
750 3329 780 3385 iu
798 3329 830 3384 R.

225 3451 259 3504 V.
280 3453 320 3506 13.
351 3449 443 3526 πρώτη
462 3449 612 3506 κατιδοῦσα
630 3450 677 3521 τὴν
695 3453 777 3506 θείαν
794 3446 953 3506 ἀνάστασιν.
979 3450 1035 3506 Jul-
1053 3452 1097 3505 22.

225 3608 282 3661 Iter
302 3607 430 3662 Breviar.
448 3608 575 3678 Mogunt.
595 3609 644 3662 hat
662 3623 697 3662 zu
716 3607 769 3662 deu
787 3605 897 3661 Laudes
922 3605 967 3660 eiu
986 3607 1105 3661 anderes
1123 3605 1191 3662 Lied
1208 3607 1237 3660 iu
1255 3607 1273 3662 t
1290 3605 1437 3678 Stropheu

134 3693 185 3748 mit
203 3693 305 3749 diesem
324 3692 450 3765 Aufaug:

242 3799 325 3853 Sidus
344 3799 439 3853 solare
459 3798 569 3852 revehit
827 3857 831 3866 Ι
922 3812 976 3865 qua
994 3795 1085 3860 Maria
1102 3795 1271 3868 Magdaleua
1303 3851 1305 3858 ,

242 3891 341 3956 optata
358 3882 434 3940 festa
452 3885 521 3952 diei,
924 3899 1015 3938 arcem
1034 3883 1165 3954 polorum
1184 3883 1277 3938 subiit.

276 4195 383 4270 1061.
415 4198 514 4267 Laus
538 4199 611 4268 sive
640 4194 821 4294 sequeutia
843 4191 877 4264 h.
901 4193 1027 4266 Mariae
1051 4191 1284 4290 Magdaleuae,

138 4419 239 4486 Salve
262 4423 340 4486 felix
363 4424 580 4508 Magdaleua‚
812 4425 906 4489 Deua
927 4422 1020 4489 nobis
1043 4437 1100 4485 cor
1123 4436 1281 4500 amarum,
1413 4417 1435 4479 5

139 4525 285 4590 crucifixi
304 4527 375 4591 zelo
399 4529 513 4611 plena,
812 4527 866 4592 iae
887 4526 1047 4609 repletum
1069 4523 1290 4598 lacrimarum,

137 4646 197 4692 nos
220 4629 382 4710 perdueas
405 4631 448 4694 ad
471 4649 595 4696 amoena
812 4629 854 4691 sit
876 4628 1049 4691 lamentum
1070 4624 1166 4690 uobis
1189 4641 1316 4704 aarum,

137 4729 284 4812 paradisi
306 4731 434 4813 gaudia.
814 4738 847 4797 et
868 4731 1018 4814 planetus
1039 4727 1161 4793 laetitia.
