3326 5322
141 487 144 494 ·
256 475 303 534 aa
322 493 357 532 ιι
373 467 460 534 aas
478 477 540 548 sese
558 476 609 533 ιιι
628 477 661 530 12
678 473 779 532 saera
798 473 850 530 mre
867 473 991 530 aemon
1013 474 1080 544 (a).
1116 473 1168 530 aa·
1186 449 1388 544 annates
1402 474 1473 545 (a).
1539 520 1543 525 .

252 599 391 654 1stnlam
408 600 442 654 1.
476 598 638 657 seuerior
657 599 688 653 Β.
723 599 759 652 td
773 597 915 652 animatus
933 596 965 652 B.
1001 599 1035 651 21
1054 595 1130 651 haud
1149 596 1180 653 Β.
1221 593 1257 652 si
1276 593 1371 654 etrus
1386 599 1420 652 ut
1436 597 1472 652 Α.

164 691 199 743 td
212 687 245 743 in
262 686 302 743 ill
323 687 355 758 Β,
374 684 451 744 festa
471 686 528 742 ΑΒ.
564 689 601 742 dt
618 691 716 742 noster
734 686 818 742 laetus
836 689 899 741 este
917 685 951 740 Β.
984 685 1019 740 ts
1033 685 1214 742 decantemus
1222 684 1428 756 Asdseantans
1437 685 1470 740 Β.

323 969 432 1044 1025.
466 967 594 1042 Oratio
621 968 667 1042 ad
696 957 829 1044 Christi
856 924 1044 1072 martyrem
1069 967 1310 1042 [inurentium.

162 1191 290 1276 Martyr
311 1199 425 1258 sanate
449 1210 469 1256 ο
489 1190 663 1274 Laurenti,
741 1257 743 1262 ,
839 1191 876 1260 In
898 1193 1051 1276 gehenna
1072 1197 1114 1257 ire
1137 1191 1306 1276 dampnari
1422 1229 1425 1236 ·

162 1294 225 1360 deo
247 1295 386 1360 militam
408 1295 547 1376 viventi,
839 1315 890 1361 me
912 1298 1098 1381 permittas,
1121 1314 1184 1362 nse
1204 1295 1326 1360 merari

207 1403 242 1463 ut
263 1397 396 1462 levitam
420 1397 593 1480 condecet,
882 1401 916 1464 in
937 1400 1014 1482 igne
1039 1399 1235 1484 purgatorii,

163 1518 267 1566 aaesus
289 1500 403 1584 flagris
425 1508 457 1566 et
478 1512 629 1585 exustus,
835 1503 920 1588 juva
940 1510 974 1568 et
994 1504 1028 1568 in
1050 1503 1132 1568 hora
1152 1503 1281 1583 mertis,
1422 1497 1464 1562 10

108 1684 111 1690 ,
162 1600 226 1665 tide
249 1620 442 1685 permanens
466 1605 635 1687 robustus,
766 1606 786 1667 5
839 1612 875 1670 ut
897 1606 956 1669 sim
978 1622 1108 1689 semper
1130 1611 1195 1669 tuae
1218 1603 1317 1668 sertis

206 1721 276 1768 eum
300 1722 390 1768 amor
413 1724 529 1788 poenas
553 1717 701 1790 superet:
884 1724 1018 1791 campos
1041 1715 1076 1773 et
1097 1707 1144 1772 tui
1165 1705 1284 1792 gandii.

205 1953 210 1964 .
250 1886 298 1942 Hs.
318 1904 352 1944 zu
370 1887 470 1956 Maius,
488 1885 560 1957 Aug.
579 1885 631 1940 No.
650 1887 710 1940 439.
729 1885 771 1940 ΒΙ.
791 1885 851 1940 178.
870 1883 921 1940 des
940 1887 974 1939 15
991 1883 1091 1942 Jahrn.

249 2009 267 2060 7
280 2009 414 2082 jehenna,
432 2009 479 2065 Hs.

246 2163 298 2220 Ein
320 2165 388 2220 Lied
415 2163 469 2220 aui
491 2165 587 2220 diesen
612 2158 740 2234 Heiligen
768 2164 844 2218 steht
868 2164 940 2219 auch
963 2164 992 2218 iu
1010 2143 1094 2218 'einar
1112 2161 1158 2216 iis.
1183 2144 1233 2216 ies
1253 2161 1287 2214 tt
1303 2158 1401 2214 Jahrb.
1427 2173 1465 2212 aa

160 2249 400 2308 Pammersieldeu
419 2254 464 2308 bei
482 2254 623 2325 Bambarg
641 2253 691 2308 mit
709 2253 813 2308 diesem
830 2250 958 2324 Antang:

265 2357 366 2413 Premis
385 2357 478 2414 datum
497 2357 682 2428 admiremur,
891 2357 1048 2411 laureatum
1066 2353 1233 2409 venemur
1251 2351 1302 2407 'eta

501 2642 612 2716 1026.
642 2637 728 2714 Alia
756 2644 868 2715 oratio
895 2640 1122 2714 adeundam.

157 2860 272 2928 Gaude
295 2859 450 2926 Laurenti
471 2862 587 2944 levita,
834 2862 942 2948 gaude
966 2863 1053 2946 quod
1075 2861 1260 2926 illuminasti
1418 2857 1460 2920 10

160 2966 268 3049 quiin
291 2963 420 3030 Christo
442 2985 521 3030 vere
544 2967 613 3030 vita
835 2985 959 3050 naeuos,
982 2984 1064 3050 quos
1087 2983 1184 3030 urnae
1208 2963 1345 3045 signasti

202 3069 327 3153 palmas
349 3070 438 3152 geris
461 3069 609 3152 floridas3
878 3072 1023 3136 minister
1045 3070 1202 3141 ecelesiae.

159 3171 284 3254 gaude,
307 3174 362 3254 qni
384 3172 574 3239 distribuisti
780 3253 782 3258 Ι

158 3276 335 3358 prudenter
358 3284 391 3341 et
412 3277 595 3361 dispersisti
762 3281 781 3341 5
836 3259 968 3344 (ἷθῦᾶθι
992 3261 1068 3344 (1¹¹ia
1089 3275 1175 3324 ”⁰¹¹⁰
1198 3274 1269 3321 (Μ
1293 3253 1413 3320 581]οὼ

224 3379 408 3444 thesaurum
430 3383 637 3465 pauperibus,
835 3367 960 3451 palmas
983 3364 1084 3428 habes
1107 3359 1331 3444 triumphantis

877 3470 910 3534 in
933 3468 1059 3534 eoelesti
1079 3467 1200 3550 gloria3
1415 3460 1459 3524 15

158 3571 285 3654 Gaude,
308 3574 383 3655 qaia
405 3571 568 3659 superasti
765 3663 767 3668 Δ
834 3573 888 3639 iau
911 3583 1077 3638 consortes
1101 3567 1321 3636 collaudantes

157 3675 302 3742 flammas
324 3678 408 3760 ignis
430 3687 463 3742 et
486 3681 600 3746 amasti
835 3676 925 3742 ahori
947 3675 1043 3741 deum
1060 3681 1093 3738 et
1113 3673 1262 3737 laetantes
1278 3671 1299 3754 ,¹

115 3807 119 3816 ·
200 3780 390 3864 largitorem
410 3783 548 3864 gratiae3
875 3782 910 3845 in
933 3781 1058 3845 eoeiesti
1079 3779 1178 3844 nuria.

245 3967 303 4022 Ans
320 3967 467 4022 derselben
486 3967 610 4024 Mainaer
627 3965 675 4024 Hs.

247 4073 281 4127 16
299 4074 389 4144 eheri,
402 4073 468 4142 seit.
487 4080 656 4131 sanatorum.

475 4356 583 4431 1027.
623 4359 682 4430 De
707 4384 734 4431 s.
761 4358 910 4432 Lazaro.
944 4357 1145 4458 autiphnna.

157 4567 241 4634 Veni
264 4575 394 4636 ereatar
416 4569 573 4655 siderum,
837 4574 975 4640 defende
999 4583 1086 4647 tuam
1109 4579 1265 4662 poputum

157 4678 252 4758 terge
274 4675 418 4744 maenas
440 4676 618 4760 scelerum,
739 4691 741 4696 ·
834 4678 987 4764 praeibus
1008 4680 1112 4746 sanati
1134 4677 1267 4762 Lazari3
