3308 5310
211 333 234 396 8
247 381 251 390 .

211 533 248 574 an
266 518 347 572 ihren
365 513 483 572 Sehlurs
500 510 552 568 διε
570 509 793 582 Kirehenjahres
811 505 864 564 auf
878 507 931 562 den
951 510 965 560 1
980 507 1147 577 November,
1162 508 1231 581 jana
1250 523 1286 563 an
1305 507 1357 564 ιλιι
1370 509 1447 566 Euda
1465 510 1517 565 der

212 620 334 678 grossae
356 602 439 658 Ferte
463 596 517 656 auf
541 598 596 653 den
623 601 719 652 ersten
746 595 876 668 Soantag
903 596 974 650 nach
1001 590 1155 667 Pfingaten.
1195 595 1253 650 Das
1277 595 1374 658 ίίσνοκ.
1392 597 1445 650 363
1469 595 1518 650 he·

211 691 334 763 ριιῑαᾱοε
351 686 403 742 das
420 686 488 741 Fert
506 684 579 738 aller
597 681 728 754 Heiligen
747 679 794 736 rer
808 682 859 736 das
878 681 936 736 alte
954 681 1116 737 Testament
1134 697 1185 736 aus
1203 681 1306 737 Psalnr
1325 681 1517 751 138,1r,und

210 776 259 834 ffir
277 777 329 848 das
348 789 420 830 neue
438 789 489 828 aus
508 771 592 826 Hebr.
608 763 653 839 12,
665 771 689 838 1,
709 769 776 823 weil
794 768 839 823 die
859 767 996 824 Grieehen
1015 768 1059 823 die
1077 768 1208 840 Heiligen
1225 768 1323 824 beider
1341 769 1518 826 Testamenta

211 865 359 920 verehren.
397 862 481 919 Seiae
500 862 720 931 Aeurserungaa
744 857 867 914 darfiber
890 856 946 912 aad
970 858 1040 913 fiber
1064 857 1109 912 die
1127 857 1302 930 Anordnung
1320 858 1370 914 der
1387 859 1518 931 Heiligen

211 952 312 1010 dienen
329 943 381 1006 ιιι
398 949 559 1020 Erklfirung
577 945 727 1019 folgender
745 945 852 1014 Ιίεέει,
871 943 1000 1000 weshalb
1018 944 1063 1000 ich
1081 945 1123 1000 sie
1141 945 1203 999 hier
1220 942 1343 1018 beiftrge.

219 1055 220 1062 ’
301 1052 341 1110 Ἐκ
359 1052 408 1128 τῆς
425 1053 606 1114 διδασκαλίας
624 1042 672 1106 οὖν
689 1046 744 1105 τῶν
762 1051 850 1105 θείων
866 1048 984 1126 γραφῶν
1006 1053 1052 1105 καὶ
1070 1049 1119 1118 τῆς
1137 1046 1319 1120 ἐποστολικῆς
1337 1046 1519 1126 παραδόσεως

214 1139 396 1216 όδηγηθέντες
413 1134 491 1212 ἡμεῖς
509 1141 537 1194 ολ
554 1127 811 1212 εόσεβεῖςτιμιῖμεν
829 1133 952 1199 ἅπαντας
970 1134 1035 1198 τοῦς
1053 1138 1150 1207 φίλους
1167 1137 1218 1192 τοῦ
1235 1134 1315 1205 θεοῦ,
1333 1136 1519 1210 τοῦςοὶγιόυς,

216 1227 398 1300 ὦς’φῦλακας
415 1224 469 1280 τῶν
487 1223 599 1280 ἐντολῶν
617 1232 668 1280 τοῦ
682 1222 769 1290 θεοῦ,
787 1221 826 1286 ολς
844 1221 945 1300 α’ρετής
963 1222 1077 1298 λαμπροὶ
1095 1223 1321 1298 παραδείγματα,
1350 1220 1387 1286 ολς
1405 1222 1453 1295 της
1471 1220 1519 1278 ἐν·

215 1320 360 1392 θρωπίνης
374 1312 483 1384 φύσεως
497 1309 647 1388 εὐεργέτας.
683 1313 740 1366 Καὶ
759 1310 871 1367 ἕκαστον
888 1313 938 1384 μὲν
955 1310 1009 1366 τῶν
1026 1315 1170 1386 γνωρίμων
1189 1309 1275 1384 όγίων
1292 1309 1412 1384 τιμωμεν
1425 1309 1520 1374 ἐδικοῖς

215 1407 255 1468 εἰς
271 1409 337 1476 μίαν
354 1399 415 1456 τινὰ
433 1397 482 1456 τοῦ
500 1397 624 1456 ἐνιαυτοῦ
642 1395 754 1473 ἡμέραν,
772 1397 811 1461 τός
830 1403 955 1469 φαίνεται
974 1400 1013 1461 είς
1030 1397 1061 1454 τὸ
1079 1396 1253 1474 μηνολόγιον·
1272 1397 1364 1469 ἐπειδή
1379 1399 1410 1454 δέ
1423 1400 1520 1455 πολλοὶ

216 1495 286 1550 εἰσιν
306 1489 371 1563 ἡμῖν
390 1485 539 1560 ἄγνωστοι,
565 1491 612 1543 καί
630 1483 644 1542 ὁ
664 1484 789 1562 ἀριθμός
807 1481 898 1541 αὐταῖν
915 1483 1183 1556 ἐπολλαπλασιολσθη
1200 1483 1269 1540 κατὰ
1287 1484 1401 1562 καιροῦς
1418 1489 1464 1541 καί
1481 1488 1521 1541 ἐτι

215 1573 482 1640 πολλαπλασιόζεται
506 1577 553 1630 καί
576 1571 610 1630 οῦ
628 1573 764 1629 παύσεται
781 1571 990 1645 πληθυνόμενος
1007 1572 1058 1635 ἕως
1075 1570 1123 1642 τῆς
1141 1574 1310 1639 συντελείας,
1341 1570 1388 1627 διὰ
1406 1570 1485 1627 τοῦτο
1503 1571 1521 1642 ἦ

215 1667 341 1738 ἐκκλησία
359 1668 468 1729 ἐταξεν,
487 1660 564 1727 ἅπαξ
580 1659 630 1716 τοῦ
649 1657 786 1728 ἐνιαυτοῦ,
813 1658 921 1716 πάντων
939 1657 995 1716 τοῖν
1013 1659 1098 1734 ἁγίων
1117 1658 1209 1732 κοινήν
1229 1658 1348 1733 μνήμην,
1372 1659 1431 1732 ήτις
1449 1661 1522 1716 ἐστίν

215 1753 233 1825 ἦ
251 1754 382 1829 παροῦσα
400 1753 498 1832 ἑορτή.Ι

309 1842 413 1915 Ταύτην
437 1835 486 1899 οὖν
509 1839 691 1905 ἐπιτελοῦντες
714 1839 833 1917 σήμερον
856 1838 976 1914 τιμιῦμεν
991 1836 1120 1915 «εέλαβῶς
1143 1845 1189 1896 καὶ
1211 1843 1396 1916 μακαρίζομεν
1412 1839 1517 1904 πόντος

218 1929 356 2000 δικαίους,
381 1928 541 2006 προφήτας,
562 1925 748 1995 α’ποστόλους,
771 1927 928 2004 μάρτυρας,
953 1928 1137 2002 όμολογητὰς,
1161 1931 1308 2002 ποιμένας,
1330 1927 1522 1996 διδασκάλους,

221 2013 325 2086 ὁσίους,
345 2015 452 2096 ἄνδρας
468 2021 513 2074 καί
531 2026 660 2093 γυναῖκας
679 2017 759 2089 ἐμοῦ,
776 2018 914 2097 γνωστοῦς
932 2021 979 2073 καὶ
993 2015 1158 2092 ἀγνώστοις,
1176 2016 1240 2081 τοὺς
1254 2020 1460 2093 προστιθέντας
1476 2023 1541 2073 καί

218 2102 284 2166 τοῦς
301 2109 555 2180 προστιθεμένους,
589 2103 651 2161 ὅσοι
678 2101 735 2160 ἀπό
759 2101 846 2177 Ἀδὰμ
873 2104 924 2168 ἕως
941 2104 992 2161 τοῦ
1010 2103 1058 2162 νῦν
1076 2104 1276 2176 ἐτελειώθησαν
1291 2106 1320 2161 ἐν
1338 2102 1460 2179 εὐσεβείᾳ
1477 2108 1524 2160 καί

218 2191 267 2246 διὰ
284 2189 338 2248 τῶν
355 2192 445 2248 καλῶν
462 2195 550 2268 ἔργων
567 2189 703 2258 ἐδόξασαν
721 2191 768 2247 τόν
786 2189 864 2248 θεόν.
902 2190 1022 2254 Τούτους
1045 2190 1150 2256 πάντας
1169 2197 1217 2247 καί
1242 2189 1312 2248 αὐτὰ
1336 2195 1451 2268 προσέτι
1467 2190 1521 2246 τῶν

217 2274 340 2352 ολγγέλων
357 2277 549 2360 τὰΙτόγματα,
581 2277 637 2354 πρὸ
664 2275 773 2334 πόντων
797 2279 891 2334 δὲκαὶ
914 2278 983 2351 μετὰ
1007 2277 1115 2335 πάντων
1139 2281 1187 2350 τήν
1204 2279 1357 2354 δπεραγίαν
1375 2280 1522 2336 δέσποιναν

217 2369 263 2421 καὶ
281 2372 377 2442 κυρίαν
394 2365 471 2438 ἡμῶν
491 2363 624 2422 θεοτόκον
642 2370 757 2441 Μαρίαν
774 2365 821 2436 τὴν
840 2364 1027 2441 ἀειπολρθενον
1047 2365 1167 2439 τιμῶμεν
1191 2365 1310 2443 σήμερον
1334 2364 1381 2422 διὰ
1399 2365 1447 2436 τῆς
1467 2385 1522 2420 πα-

218 2449 319 2528 ρούσης
337 2453 440 2531 ἑορτῆς,
457 2457 655 2529 προτιθέμενοι
673 2452 720 2510 τόν
738 2455 797 2528 βίον
815 2451 904 2510 αὐτῶν
924 2452 1022 2531 ἀρετῆς
1039 2454 1226 2531 παράδειγμα,
1243 2460 1290 2512 καί
1302 2453 1522 2532 παρακαλοῦντες

221 2537 330 2609 αὐτοὺς,
349 2543 392 2598 λ’να
410 2540 597 2618 πρεσβεῦωσιν
615 2540 684 2617 ῦπέρ
703 2541 781 2613 ἡμῶν
798 2540 870 2617 ,πρὸς
887 2540 935 2597 τὸν
952 2539 1031 2598 θεόν.

609 2826 694 2898 622.
732 2826 791 2897 De
817 2824 979 2898 omnihus
1003 2827 1143 2898 sanetis.

222 3024 299 3092 Ave
322 3047 444 3092 summa
465 3029 607 3112 λιλαίεαι,
847 3075 850 3080 -
1004 3031 1058 3113 qui
1079 3028 1224 3093 modicus

221 3131 325 3195 omnis
348 3150 408 3214 per
429 3138 462 3224 te
486 3134 640 3197 sanctitas
901 3134 1020 3198 chorus
1043 3140 1076 3197 et
1099 3132 1262 3198 theoricus

263 3231 340 3295 mihi
362 3233 530 3314 largiatur.
944 3236 1225 3317 evangelistarum.
1305 3252 1307 3256 ’

219 3392 296 3459 Are
319 3395 415 3478 virgo
438 3395 617 3477 virginum,
899 3397 1015 3464 Assint
1037 3406 1071 3463 et
1093 3389 1258 3481 discipuli,

222 3515 316 3559 ame
338 3515 399 3579 per
423 3503 455 3559 te
479 3497 644 3560 eriminum
786 3549 789 3554 .
826 3504 845 3562 5
900 3509 1139 3586 contemptores
1162 3500 1274 3565 saeeuli
1482 3489 1523 3564 2'0

223 3655 228 3668 ,
265 3599 362 3681 eulpa
383 3598 539 3664 deleatur.
943 3619 977 3674 et
998 3629 1106 3674 rerum
1129 3616 1333 3689 ornatarum,

220 3761 333 3827 Virtus
355 3762 431 3826 mihi
448 3724 611 3847 'Michaeh
900 3774 1018 3839 Omnes
1041 3793 1102 3858 pro
1125 3794 1176 3837 me
1200 3772 1324 3840 fundite

222 3868 354 3934 Gabriel
378 3878 410 3934 et
431 3869 597 3954 Raphael,
898 3895 1016 3961 praees
1039 3885 1073 3940 et
1094 3897 1145 3941 me
1163 3877 1294 3961 jungite

264 3991 326 4055 per
348 3990 410 4037 vos
434 3972 608 4056 dirigatur,
944 3980 1036 4045 donis
1060 3983 1247 4063 gratiarum.

221 4139 286 4203 Per
308 4146 505 4223 cunctosque
529 4140 660 4222 spiritus
807 4143 846 4207 10
898 4143 974 4210 Ave
996 4147 1213 4210 innoeentium

223 4242 316 4307 divos
339 4244 417 4307 mihi
440 4245 565 4308 caelitus
899 4250 995 4313 turba
1016 4249 1218 4312 morientium

265 4346 353 4410 salus
375 4354 541 4429 augeatur.
943 4369 1004 4434 pro
1029 4348 1159 4414 Christo
1182 4352 1293 4430 beata3

221 4509 298 4576 Ave
322 4511 500 4596 apostoliea
832 4585 836 4592 ,
899 4511 974 4578 Ave
999 4517 1093 4578 turba
1115 4515 1211 4579 niveo

223 4614 342 4680 cohors
366 4621 399 4677 et
420 4612 613 4696 prophetica
900 4617 1042 4682 candore
1066 4626 1098 4680 et
1120 4621 1222 4684 rubeo

268 4725 302 4780 et
322 4716 594 4800 patriarcharum,
806 4721 845 4783 15
942 4729 1120 4805 martyrum
1142 4730 1271 4804 ornata3
1481 4725 1523 4788 30
