3332 5318
1346 374 1412 438 147
1525 383 1528 388 '

104 569 232 634 Dudum
256 573 385 632 sacrata
408 565 506 630 millia
785 561 836 629 Sit
857 564 928 628 laus
951 564 1037 646 patri
1060 583 1131 628 cum
1154 563 1240 645 filio,
1368 567 1409 628 25

103 673 244 738 ludibria
267 671 402 756 patibuli
596 743 598 749 y
784 688 880 750 quem
903 669 1047 751 sequitur
1070 671 1232 736 exercitus

103 777 302 856 tolerarunt,
326 772 368 838 ad
390 773 510 856 gaudia
783 771 837 836 hic
860 773 891 835 in
916 772 1020 838 crucis
1043 774 1142 838 exitio

102 900 165 963 per
189 897 262 961 quae
286 876 383 942 futuri
404 876 523 941 saeculi.
784 895 845 958 per
869 876 987 941 donum
1008 879 1112 942 sancti
1134 878 1275 964 spiritus.
1308 896 1410 942 amen.

194 1066 242 1121 Hs.
262 1082 296 1118 nu
314 1063 342 1119 S.
367 1025 438 1118 Paul
470 1062 498 1115 in
531 1061 657 1116 Kiiruteu
675 1061 728 1114 No.
749 1063 790 1114 13.
811 1057 831 1114 f.
851 1061 893 1114 96.
914 1062 963 1115 des
983 1064 1016 1115 15
1035 1063 1134 1119 Jahrb.
1172 1018 1270 1119 Dieses
1288 1061 1355 1118 Lietl
1372 1063 1411 1117 ist

106 1155 170 1209 eine
190 1151 395 1222 Nachahmuug
414 1151 463 1204 des
482 1149 607 1220 Hymnus
626 1145 678 1202 auf
691 1144 845 1220 Pfingsten.
874 1149 928 1203 No.
948 1149 1008 1204 183.

200 1253 329 1345 5lignis,
347 1274 394 1327 ils.
432 1270 636 1338 11vocis,Hs.
671 1273 707 1325 23
724 1270 894 1339 tollerantis,
914 1271 961 1325 lls.
997 1272 1205 1342 eliquamus.
1240 1272 1278 1328 Es
1296 1273 1334 1327 ist
1347 1287 1412 1343 per·

104 1369 246 1420 venerunt
262 1360 462 1428 beinudcukeu,
482 1359 527 1414 die
546 1358 637 1431 Stelle
657 1359 766 1413 scheint
785 1359 853 1413 aber
872 1359 1041 1415 verdorbcn.

195 1489 246 1542 llic
271 1486 407 1544 Griechen
432 1482 521 1538 feicrn
540 1484 590 1539 das
608 1483 762 1537 An'denken
780 1483 873 1538 dieser
890 1484 1035 1555 liliirtyrer
1054 1499 1098 1538 am
1115 1485 1151 1538 28
1169 1483 1336 1552 December,
1369 1482 1410 1536 sic

107 1577 227 1631 worden
259 1592 294 1629 uu
325 1571 507 1629 Nikomedien
539 1571 577 1625 im
608 1572 679 1626 Jahr
705 1573 758 1625 303
791 1572 983 1643 umgebraoht.
1021 1573 1116 1627 Horat.
1140 1574 1199 1626 229.
1235 1573 1327 1626 Euseh.
1345 1570 1409 1626 hist.

104 1665 174 1718 eccl
192 1666 216 1730 7,
235 1664 261 1717 6.
296 1661 392 1718 Decem
413 1662 492 1714 millia
517 1659 605 1712 heisst
631 1659 764 1729 unzahlig
787 1658 878 1726 viole,
910 1660 966 1713 wie
991 1660 1063 1713 auch
1088 1659 1138 1714 der
1160 1659 1279 1731 Apostel
1303 1660 1408 1717 Paulus

105 1751 189 1805 Hebr.
210 1752 252 1818 12,
273 1753 297 1802 1.
322 1748 374 1802 deu
393 1744 542 1801 Ausdruch
565 1747 647 1816 νέφος
664 1743 811 1820 μαρτύρων
836 1743 883 1800 liir
907 1747 969 1800 eine
993 1747 1172 1801 unbestimmt
1190 1762 1291 1818 grosse
1309 1748 1410 1820 Meuge

105 1838 234 1894 brauoht.
270 1839 341 1892 Dass
367 1835 441 1889 viclo
459 1835 593 1891 Christen
616 1833 693 1888 ihres
712 1833 852 1889 (ilaubens
878 1849 981 1907 wegeu
1007 1836 1192 1907 umgebracht
1210 1834 1340 1904 worden,
1358 1829 1410 1890 'ist

105 1925 249 1994 bekannt,
286 1925 355 1979 aber
378 1921 444 1977 hein
462 1922 577 1977 Meusch
601 1922 651 1976 bat
669 1921 709 1976 sie
728 1922 825 1993 geuiilt
842 1939 900 1977 von
916 1923 1004 1993 jonen
1023 1939 1074 1992 an,
1106 1923 1151 1976 (lie
1171 1924 1249 1979 Nero
1267 1921 1296 1976 in
1314 1923 1410 1977 seineu

106 2014 212 2070 Girteu
230 2013 405 2066 verbrenneu
423 2009 499 2077 liess,
520 2009 562 2063 bis
577 2003 673 2080 jenen,
693 2010 779 2063 deren
797 2009 961 2079 qualrollen
980 2011 1042 2065 'l'od
1058 2010 1221 2065 Lactantius
1239 2009 1410 2078 beschreibt,

105 2119 140 2155 zu
159 2098 289 2154 welchen
307 2098 384 2153 ‹liese'
402 2098 536 2168 gehbreu.
581 2094 675 2149 Daher
697 2095 772 2149 wird
789 2096 851 2150 ihre
870 2097 970 2168 llenge
989 2097 1016 2150 in
1036 2113 1158 2169 grossen
1178 2097 1285 2151 runden
1303 2096 1410 2154 Zahlen

105 2186 290 2258 angegeben,
323 2184 391 2240 weil
414 2200 477 2238 man
502 2182 543 2237 sie
568 2179 622 2236 auf
641 2183 745 2236 andere
771 2183 872 2238 Weiso
897 2184 975 2238 nicht
993 2189 1045 2255 gut
1062 2185 1234 2239 bezeichnen
1252 2183 1337 2240 liaun.
1371 2185 1411 2240 lm
1495 2170 1502 2180 ’

105 2274 202 2329 Bucho
227 2272 276 2327 des
294 2273 403 2328 Lebeus
429 2271 491 2326 sind
515 2271 557 2324 sie
581 2268 832 2341 ausgeschrieben‚
858 2272 983 2342 ‚Apocal
1001 2274 1043 2342 20,
1063 2275 1122 2340 15.,
1154 2273 1210 2326 und
1227 2272 1289 2325 ihre
1307 2273 1408 2344 blengo

4 2359 5 2384 ¹
105 2362 180 2417 wird
197 2362 270 2416 auch
287 2377 344 2416 von
362 2361 505 2416 lohannes
524 2358 553 2412 in
572 2373 694 2430 grossen
713 2359 821 2413 Zahlen
839 2361 1037 2431 ausgedriickt.
1074 2362 1163 2431 Apoc.
1182 2364 1213 2429 7,
1232 2362 1321 2414 u-o.
1358 2361 1410 2415 Die
1520 2397 1523 2400 -

105 2453 188 2504 unter
211 2448 288 2503 Nero
314 2441 490 2502 ermordeteu
515 2445 648 2503 christon
670 2451 756 2500 neunt
780 2447 869 2500 sehon
894 2446 942 2500 der
962 2447 1147 2518 Zeitgeuosse
1172 2447 1287 2502 Clemens
1303 2462 1354 2517 ep.
1373 2447 1410 2502 ad

107 2535 235 2594 Corinth
254 2539 279 2606 1,
298 2536 322 2588 6.
342 2533 413 2590 πολὺ
428 2536 539 2605 πλῆθος
557 2531 693 2590 talmuth.

360 2877 477 2980 1737.
513 2906 571 2978 De
598 2905 718 2978 decom
745 2906 897 2980 millibus
923 2919 1123 3007 martyrum.

105 3154 216 3222 Avete
238 3163 400 3240 martyres
420 3157 524 3238 beati,
785 3155 849 3239 Per
872 3155 1005 3238 flagella
1028 3162 1061 3218 et
1082 3175 1144 3238 per
1167 3173 1294 3236 crusec,

108 3259 227 3325 Christi
251 3267 352 3324 testes
374 3261 529 3342 laureati,
784 3274 852 3342 per
870 3277 1023 3339 coronas,
1047 3278 1161 3342 poenas
1185 3266 1292 3348 truces
1313 3333 1315 3337 y

106 3363 279 3429 Hermolai
303 3371 336 3428 e't
358 3362 479 3429 Achati
536 3430 542 3442 ..
785 3381 910 3446 perque
932 3363 1038 3426 latera
1060 3361 1240 3425 transfossa

108 3466 241 3532 cruciati
264 3473 296 3530 et
314 3465 439 3548 plagati
786 3471 995 3546 peccatorum
1018 3481 1068 3544 me
1088 3463 1135 3544 de
1151 3463 1242 3526 lossa

150 3593 223 3639 oum
247 3573 393 3638 omuibus
417 3570 637 3652 sodalibus„
713 3572 732 3631 5
830 3568 990 3631 extrahite
1007 3567 1178 3650 feliciter3‘
1368 3565 1411 3628 20
1500 3607 1502 3611 ·

107 3763 250 3840 Quorum
273 3762 382 3826 decies
404 3760 534 3825 millena
593 3795 597 3799 ·
676 3761 685 3786 *
786 3757 829 3822 Et
852 3765 1000 3823 extracto
1023 3759 1196 3842 puritatem

105 3874 215 3931 exstat
238 3868 332 3930 turba
354 3865 419 3930 fide
442 3865 557 3948 plena,
619 3853 622 3859 ¹
786 3864 966 3944 mentisque
989 3863 1211 3943 stabilitatem,

106 3971 161 4052 qui
184 3970 326 4052 supremi
349 3970 439 4052 regis
462 3988 555 4033 coena
786 3967 1004 4050 honestatem,
1028 3969 1234 4032 sanctitatem

105 4073 346 4158 pemnuctimini
369 4093 494 4138 amoena
786 4092 963 4154 veramque
986 4055 1173 4136 felicitatem

150 4195 236 4243 nuno
259 4178 351 4242 simul
373 4179 405 4242 in
429 4178 624 4244 coelestibus.
693 4178 733 4240 10
830 4195 869 4240 ao
892 4195 1013 4240 summe
1035 4179 1153 4241 bonum
1175 4176 1310 4260 poscite.
1369 4175 1411 4236 25

104 4363 164 4431 Ad
186 4383 246 4428 vos
268 4383 386 4449 preces
409 4365 547 4449 supplex
570 4365 669 4430 fundo
787 4367 842 4431 Me
866 4367 897 4429 in
920 4367 1014 4447 gravi
1037 4372 1230 4449 tempestate

105 4476 318 4553 peccatorum
340 4468 381 4532 de
404 4467 590 4551 profundo,
788 4468 900 4534 mortis
923 4469 1016 4532 simul
1039 4469 1258 4552 circumstate,

105 4590 170 4655 pro
193 4592 244 4637 me
269 4571 431 4636 Christum
455 4580 609 4657 exorate,
788 4571 983 4652 adjuvantes
1010 4568 1178 4635 defensate

106 4675 200 4758 cujus
222 4695 331 4760 poenae
359 4683 527 4740 renovatae
784 4674 992 4758 judicemque
1014 4680 1091 4737 tunc
1112 4674 1242 4757 placate

149 4781 182 4845 in
206 4782 301 4848 vobis
324 4789 399 4847 sunt
421 4765 642 4845 crudeliter.'
695 4782 734 4841 15
833 4786 866 4843 et
889 4779 1003 4843 coelum
1025 4777 1228 4845 introducite.
1370 4776 1411 4839 30

1114 4877 1181 4944 10*
