3310 5316
569 743 657 818 852.
696 743 754 815 De
780 769 806 817 s.
829 744 962 818 Blasio.

688 967 691 973 ’
793 993 827 1050 et
848 984 981 1050 infirmis
1003 985 1211 1050 medicamen.

794 1097 829 1154 tu
851 1107 912 1174 pro
935 1090 1028 1156 nobis
1049 1091 1233 1176 intercede,

793 1202 830 1257 ut
852 1193 976 1258 coelesti
999 1212 1058 1258 nos
1081 1197 1232 1262 mercede

794 1296 875 1360 ditet
897 1295 977 1362 deus
999 1317 1070 1363 cum
1092 1299 1197 1364 beatis

722 1401 741 1460 5
793 1417 898 1482 regno
922 1419 990 1464 suae
1013 1401 1175 1465 claritatis.
1209 1421 1309 1466 amen.
1378 1401 1419 1465 10

113 987 192 1056 Ave
213 985 336 1071 praesul
358 984 552 1066 honestatis,

113 1099 241 1176 martyr
257 1109 386 1174 magnae
408 1089 603 1171 sanctitatis3

116 1201 230 1260 sancte
253 1191 354 1271 Blasi‚
375 1193 428 1256 vir
448 1191 624 1275 laudande,

115 1301 198 1364 orbe
220 1303 288 1362 toto
311 1294 534 1380 praedicande,

116 1400 173 1484 qui
196 1398 255 1464 das
277 1399 377 1482 lapsis
400 1398 585 1462 relevamen

205 1619 252 1674 lls.
273 1618 324 1673 der
342 1617 494 1678 Stadtbibl.
513 1635 547 1672 nu
565 1618 664 1686 mainz,
684 1619 782 1674 Karth.
801 1619 853 1674 No.
872 1619 931 1673 599.
950 1617 991 1674 Bl.
1012 1621 1070 1673 too.
1089 1618 1139 1674 des
1159 1621 1192 1673 ll
1209 1619 1307 1676 Jahrh.
1341 1621 1421 1676 Auclr

118 1707 157 1761 im
176 1705 312 1761 Hortalus
332 1705 430 1760 animae
449 1703 548 1763 [114.

204 1831 222 1886 8
241 1829 375 1898 coelestis,
393 1830 442 1884 lls.

204 1952 236 2007 V.
256 1955 280 2006 1.
308 1951 421 2022 praesul,
441 1950 515 2026 ἱερὸς
532 1948 661 2026 ἱεράρχης
679 1953 725 2006 καὶ
742 1948 910 2024 λειτουργός.
941 1951 1024 2006 Febr.
1044 1954 1085 2004 11.

203 2041 237 2094 V.
256 2045 281 2095 2.
310 2040 361 2096 Bei
377 2041 430 2096 den
448 2039 585 2096 (irieclren
601 2040 690 2094 heisst
708 2054 740 2093 er
758 2037 927 2116 ἱερομάρτυς.
959 2040 1039 2094 Febr.
1060 2043 1101 2094 11,

469 2412 556 2486 853.
589 2411 784 2511 Sequentia
809 2410 853 2484 de
879 2437 907 2484 s.
932 2411 1067 2484 Blasio.

118 2656 147 2717 1.
182 2650 370 2717 Jocundare
391 2651 486 2733 plebs
508 2649 629 2733 fidelis,

178 2752 379 2837 jocundatur
397 2752 467 2836 jam
489 2752 521 2816 in
544 2753 634 2818 coelis

221 2855 342 2922 christi
364 2865 488 2941 martyr
505 2856 647 2940 Blasius,

118 3051 150 3114 2.
182 3044 295 3112 Cultor
315 3067 414 3111 verus
435 3067 526 3112 verae
547 3049 647 3130 legis,

183 3151 278 3235 pacis
300 3168 427 3232 norma,
450 3134 555 3216 torcia
577 3152 699 3234 gregis,
723 3152 743 3214 5

183 3252 221 3318 fit
243 3253 367 3318 athleta
388 3253 502 3318 summi
523 3253 612 3335 regis

222 3357 359 3440 signifer
381 3357 544 3439 egregius.

184 3493 357 3560 Medicinae
381 3510 446 3559 non
466 3495 614 3576 ignarum
686 3505 690 3510 “

185 3596 305 3680 dogma
328 3596 426 3662 docet
447 3597 551 3679 magis
574 3597 696 3662 clarum

179 3705 276 3783 pater
297 3698 391 3782 deus,
422 3700 598 3770 animarum
704 3701 744 3764 to

223 3820 333 3867 curam
356 3802 436 3868 dans
458 3803 598 3870 uberius.
702 3829 704 3832 ·

116 3995 148 4058 s.
183 3974 388 4070 Quadratum
409 3994 522 4059 fundat
543 4004 677 4080 pectus,

223 4117 265 4160 ne
288 4096 434 4163 labescat
456 4100 598 4183 uspiam,

187 4199 259 4283 pius
281 4200 424 4282 prudens
447 4201 540 4266 fortis
561 4211 671 4269 rectus

223 4305 291 4369 suis
314 4302 370 4369 dat
392 4306 613 4371 constantiam.
705 4310 744 4371 15

184 4438 229 4506 Ut
250 4443 395 4527 providit
416 4462 497 4527 ergo
520 4444 600 4511 deus

226 4549 323 4613 solita
345 4549 528 4632 clementia,

184 4647 222 4714 iit
243 4651 379 4716 antistes
401 4649 593 4735 Sebasteus,

223 4755 313 4821 omni
336 4755 451 4840 plenus
474 4759 590 4842 gratia

795 2653 825 2714 l.
858 2649 977 2714 Tortor
999 2670 1104 2732 rapax
1128 2650 1245 2732 quaerit
1267 2669 1348 2732 eum,
1379 2651 1420 2713 20

859 2760 895 2818 ut
917 2773 1040 2836 negare
1064 2760 1163 2835 cogat
1185 2751 1294 2836 deum,

859 2858 914 2920 vel
937 2855 1076 2922 trucidet
1103 2857 1196 2939 quasi
1218 2876 1316 2921 reum.

861 2995 1007 3063 Cernens
1030 3005 1168 3061 mentem
1191 3015 1256 3062 non
1278 2999 1403 3080 mutari,

860 3102 965 3185 primo
987 3102 1076 3166 lubet
1098 3101 1277 3184 flagellari,

862 3203 943 3270 dure
966 3213 1041 3289 post
1063 3205 1134 3269 haec
1155 3205 1327 3270 carcerari.
1380 3205 1421 3266 25

796 3422 827 3484 5.
859 3416 966 3484 Solvit
989 3440 1009 3483 a
1032 3419 1125 3501 spina
1147 3435 1284 3500 puerum

863 3522 951 3604 cogit
974 3528 1007 3584 et
1028 3521 1138 3606 lupum
1162 3517 1296 3582 efferum

901 3632 1072 3707 reportare

862 3746 998 3812 porcum
1020 3733 1147 3812 raptum
1170 3723 1390 3809 pauperculae.

863 3865 944 3950 Ejus
967 3864 1093 3929 edootae
1117 3863 1224 3928 studio
1381 3862 1429 3926 sc

862 3967 942 4033 deos
965 3974 1083 4032 norunt
1104 3966 1244 4031 ludibrio

900 4070 1102 4155 pessundare

862 4183 1008 4258 septenae
1031 4173 1239 4238 mulierculae.

797 4395 828 4457 6.
859 4391 988 4478 Pugnat
1009 4391 1104 4457 fortis
1128 4397 1243 4456 contra
1264 4390 1381 4454 fortem

902 4517 1007 4582 agnus
1030 4497 1107 4582 lupo
1129 4497 1263 4579 lorti0r3
1380 4496 1422 4558 35

862 4655 979 4722 Poenas
1003 4656 1108 4721 calcat
1130 4655 1253 4739 spernit
1275 4658 1411 4716 mortem

902 4761 988 4825 inter
1008 4759 1126 4825 damna
1148 4758 1264 4824 laetior.
