3326 5322
248 335 315 400 est

316 517 499 590 Knnegnndis
518 517 618 576 eximin
1029 531 1154 591 veroque
1180 516 1320 574 connubio

314 605 464 660 benedicta
481 609 510 659 et
528 605 618 660 Maria
996 609 1214 673 connectuntur,
1234 606 1295 660 haee
1312 605 1435 660 ilenrico

353 689 440 760 parili
457 689 615 746 castissimo
1030 688 1082 742 illa
1099 689 1208 760 Joseph
1225 689 1333 747 inclite.

246 778 446 850 *iimperatrix
463 778 494 834 0.
532 779 566 830 12
583 792 641 832 nen
657 776 691 833 Α.
730 775 810 832 Nacti
828 779 861 832 12
880 773 945 848 ffigt
963 774 984 832 0
1003 775 1144 832 ebermals
1163 777 1239 832 diese
1257 777 1383 848 Strophe
1402 777 1462 835 ein:

316 865 447 922 Mundum
465 863 594 934 linquens
611 868 678 934 post
696 862 850 920 discessum
1000 879 1112 934 canens,
1131 881 1217 920 orans
1235 865 1295 920 sive
1313 865 1422 935 legens,

352 953 469 1008 caesaris
489 947 700 1022 sanctissimnm,
999 953 1040 1006 eie
1057 953 1213 1008 mercedem
1232 952 1433 1025 congregavit,

317 1039 445 1111 regulari
463 1039 523 1095 vita
542 1040 663 1110 degens,
995 1038 1138 1093 miraculis
1157 1053 1239 1109 quarn
1256 1037 1435 1093 monstravit.
1482 1039 1503 1048 ’“

245 1127 282 1180 15
299 1131 331 1182 nt
347 1124 421 1181 fehlt
439 1126 492 1182 BG.
538 1129 572 1180 tv
590 1126 709 1182 eraculo
727 1125 759 1184 0.
808 1125 845 1180 20
862 1125 1007 1199 virtusque
1026 1125 1056 1184 0.
1100 1129 1135 1180 21
1154 1123 1302 1196 paracleto
1321 1125 1378 1180 AB.
1419 1125 1456 1178 22
1476 1123 1559 1178 lucet

245 1209 319 1268 fehlt
336 1214 366 1270 0.
401 1215 436 1268 23
455 1210 577 1268 feliciter
595 1214 650 1272 Ao.
1076 1242 1082 1252 ·
1649 1217 1650 1254 ἕ

511 1568 630 1642 1017.·
650 1563 879 1666 Ranigundis
904 1567 1062 1666 virginis.
1097 1567 1289 1665 sequentia.

247 1813 276 1875 1.
307 1807 438 1874 Laetare
565 1883 569 1890 ι
923 1806 954 1870 5.
989 1803 1077 1870 Laus
1099 1805 1173 1888 tibi,

311 1921 414 1977 mater
437 1911 576 1977 eeclesia
849 1924 854 1938 ·
987 1907 1215 1989 Knnegundis,

280 2047 287 2060 ·
355 2034 425 2079 eum
449 2021 562 2078 sancta
584 2012 664 2096 iilia,
988 2008 1073 2074 Jesn
1096 2007 1216 2073 Christi

313 2136 386 2199 quae
410 2118 498 2182 clare
994 2113 1129 2197 famula,
1201 2133 1206 2141 ’

312 2221 376 2285 sert
399 2221 473 2284 lilia.
993 2217 1106 2283 habitu
1123 2216 1299 2300 virginum3

989 2397 1038 2462 Tu
1061 2397 1123 2461 sibi
1187 2443 1188 2446 ,

990 2503 1111 2587 sanetis
1133 2503 1258 2568 mundis

992 2606 1158 2692 servivisti
1229 2659 1230 2662 ,

247 2443 275 2503 2.
308 2438 468 2504 castitate
491 2439 607 2534 indens

309 2550 344 2607 ut
366 2543 467 2607 solari
703 2554 707 2558 ’

353 2645 415 2708 ilos
432 2644 580 2728 jubare,
604 2678 606 2684 .
934 2733 938 2740 ,
990 2709 1103 2773 sedula

311 2791 462 2856 Bonitate
486 2791 630 2876 prudens
699 2877 701 2882 ,
763 2845 765 2850 -
990 2815 1101 2877 lumini
1122 2813 1281 2878 luminum.

313 2895 448 2959 salutari
832 2894 872 2971 10

354 3018 424 3063 cum
448 3007 592 3064 nectare.

924 3095 954 3158 6.
976 3089 1167 3158 ¹Prudenter
1189 3092 1295 3158 omnia

246 3217 276 3280 3.
309 3215 420 3280 Multis
443 3217 545 3282 tutela
732 3223 737 3232 '
988 3195 1177 3279 P⁰⁸⁸⁰ffl⁸fi>

180 3314 184 3322 ’
310 3318 437 3382 medela
740 3325 744 3334 ·
977 3299 1093 3382 ,solum
1115 3298 1223 3364 felicia

354 3422 538 3504 languentis
562 3419 715 3503 agminis,
990 3399 1150 3564 dilffigisstb

987 3522 1061 3566 nnn
1086 3522 1150 3566 ana

990 3613 1023 3669 et
1047 3625 1134 3668 vana
1241 3667 1245 3675 ,

988 3709 1174 3774 transitoria
1257 3751 1259 3757 -

989 3823 1044 3880 tua
1066 3833 1158 3879 mens
1180 3816 1313 3902 respuit.

310 3555 394 3621 Dote
420 3537 529 3621 divina

311 3662 426 3742 regina

353 3765 498 3829 florentis
522 3761 686 3846 germinis,

246 3957 276 4020 lt.
311 3953 515 4034 lnmacnlata,
592 3989 595 3994 -

310 4067 347 4122 ut
370 4057 535 4136 maritata,

311 4161 382 4224 viro
404 4161 533 4240 signata
592 4153 595 4159 '

310 4270 346 4328 ut
369 4262 509 4327 viduata.

987 3994 1078 4078 Ergo
1102 4013 1172 4059 eum
1194 4011 1345 4058 vomeres

988 4097 1175 4179 transivisti,

975 4204 1023 4269 'ut
1046 4221 1140 4267 rosas
1163 4209 1334 4286 tangeres,

989 4306 1051 4370 hes
1075 4306 1203 4370 sensisti

314 4401 461 4486 Sponsus
483 4403 621 4486 pudieus
991 4403 1112 4488 inusta,

313 4515 444 4598 sanetus
468 4508 652 4584 Heinrieus
900 4521 905 4530 '
1032 4507 1056 4571 *i
1075 4507 1099 4591 [
1095 4510 1171 4593 fehlt
1191 4510 1207 4575 1
1233 4509 1341 4594 Vera.)

311 4610 411 4675 scium
438 4621 550 4678 tenore
988 4614 1054 4700 hoc
1075 4615 1249 4701 prudentia

311 4714 391 4779 nrire
415 4716 496 4780 vivit
518 4733 617 4798 mere.
887 4751 891 4758 ·
990 4717 1063 4782 fieri
1084 4717 1197 4802 potuit.
