3308 5310
126 535 161 592 nt
182 527 325 592 obitaret
347 525 507 590 dominum

125 639 276 713 essetque
299 637 412 713 pastor
435 629 551 693 ovium.

124 820 317 886 Elaboravit
339 819 476 900 ubique,

124 943 212 989 curae
236 921 331 986 datus
353 922 515 998 historiae,

123 1026 365 1091 fundamentum
388 1022 557 1086 dominicae

124 1129 275 1194 eoelesiae
298 1126 476 1192 catholicae.

124 1335 230 1403 Facta
254 1335 358 1399 crucis
381 1329 539 1415 martyrid

123 1440 204 1502 fecit
225 1456 344 1520 magna
362 1435 531 1518 prodigia,

124 1551 281 1624 sequutus
304 1561 365 1625 per
388 1541 523 1606 aetheria

124 1647 303 1714 christiana
325 1645 473 1727 vestigia.

125 1855 313 1920 Gloriosum
335 1851 516 1938 apostolum

124 1959 207 2024 deus
230 1959 360 2023 ornavit
382 1957 506 2040 gloria,

123 2061 240 2128 Romae
263 2059 355 2124 urbis
377 2077 472 2140 quem

124 2165 210 2228 vivit
233 2181 305 2227 cum
327 2159 476 2226 victorii.

124 2370 347 2439 Habnndabat
364 2366 505 2454 justitio,

124 2477 245 2560 plenus
269 2472 379 2537 divine
401 2471 508 2555 gratie
583 2516 590 2528 .

128 2581 287 2666 expandit
310 2581 394 2644 retia
416 2598 532 2664 sparsa

124 2707 189 2770 per
212 2684 322 2748 mundi
345 2685 459 2767 spatia.

127 2891 319 2958 Judaeorum
341 2890 512 2956 malivolas
595 2891 600 2913 '

127 2997 207 3059 vitae
229 2995 382 3059 formavit
407 2993 529 3056 animas

128 3099 311 3178 missusque
335 3098 440 3180 capsit
462 3096 618 3178 plurimas

1 3229 2 3236 ι
129 3198 315 3280 euuangelii
337 3219 397 3286 per
420 3200 538 3280 sagias,

129 3407 234 3472 Kasta
256 3408 411 3473 librorum
434 3408 590 3490 legimus,

129 3511 221 3576 Petri
243 3511 360 3594 plenos
383 3512 571 3591 virtutibus,

129 3621 264 3677 moestos
287 3613 403 3676 divinis
426 3612 570 3694 fletibus,

130 3727 318 3804 pestem...
342 3721 471 3784 nutibus

130 3932 231 3998 Lusit
252 3939 288 3998 ut
309 3931 451 3998 Phoeous
475 3932 612 4012 saecula,

131 4033 253 4100 Christi
276 4044 405 4102 secutus
428 4055 547 4120 opera,

126 4139 217 4203 binae
240 4138 322 4219 legis
345 4138 486 4202 oracula.

176 4237 273 4324 (sebit
294 4240 309 4303 1
337 4235 444 4320 Vere.)

131 4428 250 4492 Mirum
272 4427 637 4511 pastorempiissimum

131 4529 283 4616 flagitare
306 4549 371 4596 non
395 4531 526 4613 desino,

132 4655 174 4700 ne
198 4634 372 4718 demergar
395 4653 466 4699 cum
488 4633 645 4717 pessima,

130 4735 318 4802 intercedas
340 4753 402 4818 pro
424 4736 553 4801 misero.

802 521 895 586 Nune
917 520 1070 602 dignare,
1094 519 1262 603 apostole.
1386 517 1428 580 50

803 624 932 707 aperire
958 643 1030 688 cum
1054 623 1201 688 clavibus

801 744 954 807 regnum,
978 723 1065 807 quod
1089 724 1165 787 olim
1187 723 1360 804 quaerimus

803 847 863 893 nos
885 828 1043 892 instantes
1066 846 1136 909 prae
1159 827 1295 892 foribus.

803 1009 893 1094 (lpus
918 1010 1046 1075 delator
1069 1011 1229 1092 sublimis,

804 1121 838 1177 te
859 1131 1013 1196 rogamus
1036 1113 1176 1194 assidue,

804 1213 981 1278 recordare
1004 1215 1170 1296 martyriae

805 1324 839 1382 et
862 1315 1013 1380 auxilium
1036 1315 1150 1380 tribue.

805 1496 894 1561 Petri
916 1514 1090 1578 precamur
1114 1493 1261 1575 veniam,

806 1602 834 1663 si
856 1619 921 1680 qua
943 1599 1028 1662 mala
1050 1599 1257 1680 peregimus,

807 1704 996 1766 resistentes
1016 1700 1215 1764 daemonibus

805 1825 891 1871 nunc
913 1804 1045 1870 evalere
1068 1803 1214 1885 legimus.

807 1989 868 2067 Qui
888 1986 992 2051 nostri
1015 1984 1147 2069 spiritus
1170 1982 1277 2048 aerias

807 2100 931 2177 praesta
953 2091 1067 2156 salutis
1088 2089 1223 2170 galeaS,

807 2193 919 2260 Simon
941 2192 1116 2273 iohannis,
1139 2189 1253 2254 audias

807 2305 936 2362 nostres
959 2313 1090 2379 preces,
1114 2301 1149 2359 ut
1172 2293 1293 2358 audias.

806 2479 909 2561 Regis
931 2495 1067 2560 regnum
1092 2475 1329 2560 apostolorum,

807 2600 927 2666 precor
949 2581 1154 2664 precamine,

808 2706 859 2752 me
882 2691 1061 2748 morantem
1083 2683 1116 2744 iu
1139 2681 1247 2745 limine

808 2789 920 2855 mortis
948 2787 1083 2851 desolve
1106 2783 1224 2848 valide.

808 2972 925 3038 Salvat
948 2972 1037 3036 boris
1056 2972 1089 3034 in
1111 2987 1258 3050 munere,

808 3077 918 3141 mundi
940 3077 1069 3139 serebat
1091 3072 1228 3152 lamina,

810 3181 861 3244 oui
885 3195 1042 3242 concessa
1065 3175 1211 3253 numina,

810 3280 961 3343 relaxare
984 3276 1180 3359 peccamina.

811 3460 929 3525 Turbae
953 3466 1136 3522 sanctorum
1159 3453 1316 3535 magister

811 3583 906 3628 ovem
930 3568 1092 3626 errantem
1111 3566 1219 3638 eruat,

810 3666 1026 3748 neglegenter
1047 3683 1088 3726 ue
1111 3669 1244 3745 pereat,

811 3769 1005 3854 adjutorium
1029 3767 1149 3831 tribuat

809 3925 982 4018 Uisitando
1005 3968 1075 4015 oum
1099 3947 1267 4030 trophaeo,

810 4056 888 4120 fidei
911 4061 1015 4118 tectus
1040 4051 1163 4134 clipeo,

811 4160 903 4243 cujus
926 4158 1031 4238 vires,
1054 4163 1089 4219 ut
1112 4154 1221 4236 sapio,

814 4264 876 4327 fari
899 4261 1026 4325 omuino
1050 4275 1185 4341 nequeo.

813 4409 886 4492 Xsti
908 4434 1085 4510 martyrum
1108 4423 1239 4500 lucifer,

800 4532 896 4615 ‘legis
918 4533 1003 4596 lator
1027 4529 1186 4611 altissimi,

814 4637 865 4702 cui
888 4636 1051 4700 daemones
1074 4632 1205 4717 pessimi

813 4736 1009 4804 obediebant
1031 4733 1215 4818 impiissimi.
