3332 5318
586 707 671 780 761.
704 707 761 778 De
789 732 816 778 s.
846 704 1011 807 Aegidio.

302 923 392 991 Sient
416 945 532 1011 passer
554 926 716 990 solitarius
739 926 771 989 in
795 933 903 1008 tento,

302 1031 349 1095 sie
371 1030 422 1093 vir
443 1027 604 1112 Aegidins
622 1029 765 1113 pervigil
787 1030 819 1092 in
843 1029 982 1096 Christe.

300 1219 521 1301 Requieseens
545 1221 638 1302 quasi
659 1220 712 1283 leo
736 1237 806 1283 eum
830 1220 917 1284 Juda
941 1224 1102 1304 accubuit,

303 1325 376 1388 dum
399 1325 520 1407 pullum
543 1342 634 1387 suum
655 1322 696 1386 ad
720 1324 846 1388 vineam
867 1324 971 1406 ligare
995 1326 1123 1393 studuit.

301 1511 346 1578 Ut
364 1513 488 1577 catulus
511 1513 614 1576 leonis
638 1487 832 1578 ascenderat
854 1515 896 1578 ad
918 1514 1063 1598 praedam

302 1617 441 1699 alligans
464 1617 505 1681 ad
528 1618 626 1681 vitem
650 1618 771 1681 asinam
795 1633 893 1682 suam.

303 1805 383 1899 Cum
405 1830 466 1893 per
487 1809 640 1873 virtutum
664 1808 784 1874 scalam

302 1910 429 1977 Sorech
450 1931 599 1994 quaerens
621 1913 749 1976 vineam

302 2037 338 2082 se
361 2037 513 2101 suamque
538 2015 667 2082 Christo

297 2122 452 2206 junxerat
475 2139 635 2205 sponsam.

301 2311 363 2376 Hie
384 2313 533 2383 inventus
557 2315 625 2377 sine
649 2317 790 2398 macula,

302 2437 364 2481 neo
386 2420 532 2502 speravit
552 2418 585 2481 in
609 2419 769 2484 thesauris
793 2427 826 2484 et
848 2419 1001 2502 pecunia,
1089 2505 1091 2510 Ι

301 2607 351 2672 Ne
373 2607 434 2673 sibi
457 2609 591 2674 coluber
613 2609 645 2671 in
669 2609 722 2671 via

300 2731 361 2777 nen
383 2721 527 2776 cerastes
549 2730 668 2776 nocere
691 2716 804 2794 posset
825 2711 857 2774 in
882 2711 1003 2775 semita.

301 2897 362 2964 Cui
385 2920 446 2982 per
468 2910 590 2968 sanotae
613 2900 763 2966 trinitatis
786 2899 965 2965 efficaciam
1041 2911 1082 3002 '1³³

304 3005 439 3068 contulit
460 3013 581 3069 tantam
607 3003 687 3068 deus
709 3005 895 3068 meritorum
919 3005 1072 3086 gratiam,
1242 3017 1252 3053 t

301 3192 346 3258 Ut
367 3195 592 3259 miraculorum
616 3214 791 3275 eoruscans
814 3197 986 3260 virtutibus

301 3299 426 3362 miseris
449 3319 509 3380 per
531 3300 635 3382 ipsum
659 3299 845 3364 subveniret
867 3300 1022 3383 pluribus.

299 3471 383 3535 Nam
405 3477 550 3554 tempore
574 3469 712 3552 quodam
734 3445 870 3558 'pampoer
893 3457 1131 3553 eleemosynam

300 3575 418 3638 misero
443 3571 569 3638 cuidam
592 3593 682 3637 suam
705 3569 794 3637 dedit
816 3573 975 3654 tunicam‚'
1034 3614 1038 3621 -
1063 3564 1067 3572 ’
1107 3567 1111 3572 ’

302 3763 404 3841 Quam
427 3769 462 3826 ut
485 3783 575 3845 aeger
597 3763 682 3826 idem
704 3763 867 3845 induerat,

302 3867 468 3931 incolumis
492 3865 566 3930 inde
589 3866 739 3930 redierat.
822 3863 826 3868 ’

301 4055 425 4120 Deinde
449 4057 635 4140 relinquens
655 4057 814 4122 Graeeiam

302 4162 429 4226 transiit
452 4162 528 4225 exui
551 4160 593 4225 ad
616 4161 761 4225 Galliam.

301 4335 418 4399 Munus
441 4337 483 4399 ab
507 4335 686 4416 apostolico
709 4333 821 4398 Romae
845 4334 906 4398 sibi
928 4333 1150 4414 contraditum,

303 4439 411 4502 statim
433 4437 597 4501 inmissum
620 4435 728 4502 Tiberi
751 4433 868 4502 direxit
891 4435 935 4500 ad
957 4437 1146 4502 eoenobium.

302 4610 477 4675 Peccatum
500 4613 588 4694 regis
610 4601 727 4694 piavit,

302 4721 460 4779 mortuum
483 4716 698 4780 resuseitavit.
769 4779 771 4784 .
