3332 5318
98 519 231 598 Quorum
254 529 366 586 sancta
388 522 562 605 passione,

96 627 162 692 1555
183 627 432 710 deprecatione,

133 748 198 795 vox
218 729 348 795 auditur
371 731 511 795 coelitus:

97 836 230 919 ,555515,
255 835 309 917 qui
332 834 508 899 devotione

94 946 200 1002 vestro
223 937 346 1022 gaudet
368 955 429 1021 pro
453 955 574 1019 agone,

133 1041 206 1106 dum
227 1059 292 1106 non
315 1041 357 1104 sit
378 1040 584 1124 proselytus,

93 1249 139 1316 Illi
161 1251 281 1315 nullum
303 1257 539 1331 nocumentum,

94 1354 210 1436 vinum,
236 1355 360 1436 oleum,
382 1355 591 1434 frumentum,

133 1467 165 1523 55
184 1458 291 1522 1555515
313 1458 500 1539 victoriam,

1327 335 1391 400 159

769 538 806 584 55
830 521 1027 604 confessum,
1051 540 1110 586 eor
1131 540 1196 588 non
1217 523 1351 608 lentum,
1454 572 1457 579 -

767 627 861 709 panis
883 627 951 691 vivi
974 634 1225 709 sacramentum,

810 738 887 814 5555
907 730 981 796 baec
1004 731 1089 796 dabo
1112 727 1279 815 gloriam.“

766 936 835 1003 1155
858 937 980 1001 tirones
1002 958 1197 1003 veneremur

766 1048 992 1124 martyresque
1015 1040 1243 1127 deprecemur,
1349 1043 1391 1106 50

810 1152 845 1208 55
867 1144 980 1209 borum
1003 1143 1158 1210 memorii

765 1245 870 1311 «ihesu
892 1245 1022 1312 Christo
1046 1246 1238 1331 adjuvemur

766 1357 893 1415 etcum
916 1353 1036 1416 5555515
1059 1370 1251 1417 coronemur

673 1455 715 1517 55
811 1454 845 1516 15
868 1453 993 1518 coelesti
1016 1454 1130 1535 gloria.

174 1659 222 1714 115.
240 1677 278 1715 55
295 1658 457 1715 Darmstadt
475 1659 527 1714 Nc.
545 1661 606 1714 555.
624 1658 674 1714 mit
691 1658 743 1714 der
760 1657 890 1728 11515515,
910 1661 944 1712 15
961 1658 1060 1714 Jahrb.

176 1801 239 1857 855
258 1800 328 1858 51155.
347 1801 395 1856 115.
431 1803 496 1856 955
513 1801 553 1858 m
573 1801 621 1856 115.
658 1803 691 1854 51
710 1799 843 1873 gaudent,
861 1799 909 1854 lis.
944 1801 978 1854 55
997 1805 1035 1868 at,
1053 1799 1101 1854 115.

175 1939 208 1993 V.
229 1943 274 1994 13.
293 1941 334 1994 15.
362 1937 441 2008 fides,
461 1956 535 2010 5555,
554 1941 667 1996 caritas.
696 1940 725 1996 S.
745 1941 798 1995 Nc.
819 1941 879 2010 159,
899 1943 941 1994 15.
972 1939 1024 1995 No.
1044 1940 1104 2007 682,
1123 1941 1166 1994 55.

174 2028 206 2082 V.
225 2031 271 2084 31.
296 2033 387 2086 morte
404 2029 529 2086 01551555.
565 2029 643 2085 Satis
662 2029 769 2098 elucet,
800 2028 939 2102 mysterio
962 2029 1109 2084 55515155
1133 2029 1233 2084 mortis
1253 2032 1282 2083 et
1298 2044 1392 2085 resur·

93 2114 220 2171 rectionis
238 2113 393 2188 figuratum
411 2116 479 2171 vitae
497 2121 604 2172 uostrae
622 2117 728 2173 veteris
747 2131 877 2172 occasum
895 2122 924 2172 et
942 2121 1070 2171 exortum
1089 2133 1184 2186 novae,
1217 2115 1393 2172 demonstra-

93 2205 197 2272 tamque
221 2203 380 2274 iniquitatis
405 2201 589 2259 abolitionem
613 2205 880 2275 renovationemque
899 2205 1030 2275 justitiae.
1062 2205 1193 2275 55555555.
1218 2204 1251 2258 55
1276 2204 1344 2274 spir.
1364 2210 1393 2260 et

94 2286 132 2343 lit.
150 2291 190 2344 10.

325 2648 409 2720 739.
446 2645 641 2744 Sequentia
668 2645 712 2720 de
737 2614 951 2747 martyribus
978 2647 1153 2720 Thebaeis.

92 2915 265 2984 Redeundo
289 2938 490 3003 pergyrum

96 3021 199 3087 circini
221 3024 349 3088 annalis

95 3123 303 3192 Thebaeorum
327 3136 505 3212 martyrum

94 3229 211 3295 refulsit
233 3233 361 3297 natalis.

95 3415 207 3492 Quibus
230 3418 362 3485 modum
384 3421 530 3486 nimirum

95 3523 321 3601 aequinoctialis

93 3621 157 3688 dies
177 3628 238 3692 iste
263 3627 443 3693 155551555

95 3727 158 3794 5155
180 3734 357 3800 aeternalis.

92 3913 163 3980 Dies
186 3921 255 3984 sine
279 3940 422 4005 vespera

92 4028 181 4086 nocte
204 4042 270 4088 555
292 4025 454 4109 55551555,

94 4140 182 4203 quem
203 4144 270 4192 555
293 4128 425 4211 551555
449 4133 527 4193 5555

93 4226 147 4290 555
169 4228 269 4294 divini
292 4230 400 4295 vultus

92 4411 233 4483 Illustrat
254 4421 430 4504 555551555,

94 4519 146 4582 5511
167 4529 254 4587 55555
277 4524 390 4608 151555,

94 4640 151 4704 quo
173 4645 270 4691 55555
292 4633 366 4693 5555
380 4629 537 4713 juvenes,

93 4742 181 4794 5555
203 4731 246 4795 515
270 4731 405 4798 adultus.

766 2921 803 2986 In
819 2922 888 3002 xbac
910 2940 946 2986 55
970 2922 1140 2988 Mauritius

766 3044 910 3089 maurum
934 3024 1106 3108 diffitetur,

766 3129 799 3192 in
822 3129 886 3194 bac
907 3130 1001 3212 niger
1020 3129 1184 3194 Candidus

767 3233 924 3298 candidus
946 3235 1093 3301 habetur.

766 3421 830 3490 Ubi
851 3422 1051 3507 Exsuperius

766 3547 938 3609 numquam
960 3534 1148 3611 superetur,

767 3638 801 3695 et
827 3631 932 3695 victus
956 3633 1131 3697 victoribus

766 3733 882 3800 Victor
904 3735 1054 3800 societur.

766 3922 831 3993 Ubi
851 3925 1036 3989 innocentia

767 4029 866 4092 vitam
890 4027 946 4092 dat
963 4027 1079 4112 vitali,

766 4133 868 4197 beans
890 4129 1110 4195 Innocentium

766 4235 901 4318 praemio
923 4236 1029 4317 vitali,

767 4423 838 4499 Quo
860 4431 975 4487 neuter
992 4423 1063 4506 jam
1086 4425 1219 4488 moritur

767 4535 854 4591 tutus
878 4548 898 4591 a
920 4527 1028 4609 vitali,

673 4635 713 4696 15
767 4639 903 4714 uterque
926 4636 984 4698 snb
1008 4634 1077 4698 alis.
1091 4653 1127 4697 se

749 4738 822 4810 ¹dei
845 4740 936 4804 novit
959 4740 1011 4803 ali.
