3294 5316
516 741 625 816 1166.
660 737 721 813 hd
748 765 775 812 s.
802 739 1027 816 Thecdclnm
1053 743 1266 842 episcopum.

236 945 367 1012 (illotus
390 945 531 1010 coelestis
553 945 653 1010 curlae
913 950 1011 1018 Luxit
1033 959 1123 1015 terra
1140 946 1346 1014 Vallensium

238 1049 426 1134 congaudet
448 1051 541 1115 nobis
563 1050 663 1114 hodie
698 1063 701 1070 '
913 1074 974 1138 per
997 1054 1073 1136 gelu
1095 1065 1233 1134 namque
1255 1051 1386 1117 nimium

238 1154 418 1221 colentibus
441 1153 586 1219 celebria
649 1179 652 1184 ·
914 1163 1068 1222 aruerant
1089 1155 1261 1220 vindemiae
1512 1156 1557 1216 15

236 1259 341 1344 patris
364 1258 465 1323 nostri
488 1259 652 1341 solennia,
915 1257 1122 1325 Sedunenses
1146 1265 1179 1323 et
1201 1258 1289 1340 aliae,

238 1444 341 1530 (injus
362 1445 396 1512 in
418 1446 565 1511 natalitio
915 1443 1021 1529 Vasa,
1043 1447 1194 1529 lagenae,
1218 1446 1306 1511 dolia

236 1551 354 1616 mentis
376 1550 495 1616 affectu
514 1549 612 1614 nimio
915 1551 960 1615 nil
982 1550 1117 1632 liquoris
1139 1549 1292 1615 habentia

237 1655 405 1719 solventes
427 1653 535 1718 laudis
559 1651 699 1718 debitum
915 1653 1003 1718 facto
1027 1653 1143 1718 crucis·
1158 1653 1327 1736 signaculo

237 1755 422 1839 attollamus
445 1762 478 1819 et
499 1755 655 1819 meritum.
915 1755 982 1820 vini
1005 1756 1147 1839 replevit
1169 1756 1296 1840 poculo.
1506 1759 1554 1822 20

236 2046 379 2111 nudatur
402 2048 499 2131 culpa
522 2045 648 2124 Caroli,
821 2047 862 2110 10
916 2045 1052 2128 ejusque
1075 2045 1136 2108 soli
1158 2043 1239 2126 filio,

238 2149 455 2216 'l'hebaeorum
478 2149 642 2222 cadavera
917 2167 989 2213 cum
1012 2148 1127 2232 spiritu
1148 2149 1318 2233 paracleto

236 1940 329 2009 Fusa
349 1962 450 2027 prece
474 1941 634 2007 Theodcli
915 1940 986 2006 Deo
1008 1942 1094 2024 patri
1116 1943 1158 2006 sit
1178 1942 1286 2024 gloria
1625 1907 1626 1910 Ἴ

238 2252 421 2319 conduntur
444 2253 515 2338 ejus
538 2249 650 2336 opert.
916 2253 951 2316 in
973 2253 1170 2336 sempiterna
1192 2253 1322 2318 saecula.
1355 2274 1458 2320 amen.

328 2431 388 2486 Aua
415 2431 493 2487 einer
519 2433 567 2488 lls.
593 2433 645 2488 der
664 2433 768 2488 Kirehe
790 2451 825 2488 nu
849 2433 986 2490 Sachslen
1011 2435 1040 2488 in
1058 2435 1261 2493 Unterwalden
1285 2456 1342 2496 ven
1362 2443 1445 2504 1197.
1471 2444 1548 2498 nach

236 2519 272 2578 Η.
289 2521 399 2577 Murena
419 2519 566 2576 Abschrist
583 2539 618 2576 uu
634 2521 756 2595 lttingen
776 2522 850 2591 (Α),
868 2522 923 2576 und
941 2523 970 2576 in
988 2523 1043 2577 den
1059 2524 1132 2577 Acta
1151 2523 1202 2580 SS.
1220 2525 1339 2598 August.
1359 2532 1427 2583 tom.
1445 2530 1473 2597 3,
1493 2532 1547 2584 271
1625 2571 1626 2578 ,

238 2624 291 2664 ans
309 2608 371 2665 dem
389 2609 508 2665 Brevier
525 2626 583 2665 von
601 2609 694 2666 Sitten
711 2610 741 2664 in
759 2609 867 2664 Wallis
895 2612 958 2680 (B).
994 2611 1044 2666 Die
1061 2611 1146 2666 llorm
1171 2612 1220 2667 dea
1239 2613 1361 2668 Namens
1379 2615 1550 2672 Theodclus'

236 2696 314 2762 steht
336 2697 365 2751 in
392 2697 442 2752 der
465 2694 545 2754 Mitte
570 2697 710 2752 zwischen
734 2696 894 2752 Thecdulus
918 2698 974 2752 und
998 2697 1178 2769 Theodorus,
1206 2700 1251 2756 die
1274 2701 1356 2757 beide
1381 2704 1456 2758 auch
1479 2719 1549 2760 vor·
1625 2767 1626 2826 1

234 2782 373 2840 hommen.
1395 2823 1397 2826 -

326 2920 506 2977 demeritum
524 2923 556 2976 Β.
593 2923 628 2976 18
645 2921 714 2976 nihil
733 2923 763 2976 B.
798 2923 834 2976 24
852 2928 881 2978 et
897 2939 970 2978 nnnc
987 2929 1016 2980 et
1034 2925 1063 2978 in
1080 2930 1246 2997 perpetuum
1264 2927 1296 2981 B.

459 3313 461 3318 Ι
569 3204 677 3279 1167.
711 3201 775 3278 Ad
798 3231 825 3278 s.
850 3207 1075 3282 Theodclum
1101 3213 1207 3329 episc.

238 3408 407 3478 celsitudo
430 3410 610 3476 sublimium
914 3411 1060 3479 Virtutes
1083 3422 1116 3479 et
1137 3415 1290 3500 prodigia

236 3509 404 3580 Sedunum
425 3516 510 3580 misit
531 3512 667 3600 Alpium
914 3516 1097 3600 per-,ipsius
1121 3517 1277 3600 suffragia

237 3617 439 3686 'l'heodolum
459 3621 633 3685 antistitem
914 3619 1104 3704 plerumque
1127 3629 1246 3687 norunt
1267 3621 1340 3686 lieri
1504 3627 1544 3688 15

235 3721 342 3786 virum
363 3741 434 3805 prae
458 3723 582 3787 eunetis
605 3721 749 3802 divitem,
914 3722 1086 3788 Vallenses
1110 3732 1207 3808 atque
1230 3727 1339 3792 ceteri.

237 3906 341 3992 (injus
364 3916 457 3974 erant
479 3909 601 3974 divitie
842 3912 861 3973 5
915 3910 976 3990 oui
997 3921 1092 3980 natus
1115 3917 1218 3981 estin
1241 3915 1413 3999 grandium

235 4012 409 4077 thesaurus
434 4011 603 4096 sapientiae
914 4007 1109 4082 sublimitate
1131 4019 1304 4098 mentium,

182 4204 184 4208 Α
236 4113 392 4198 simplicis
413 4121 447 4178 et
467 4114 639 4198 modestia,
914 4117 957 4182 ad
980 4119 1105 4185 culmffl
1128 4121 1348 4186 sanctimoniae

234 4235 328 4286 mens
349 4217 501 4302 simplex,
524 4219 648 4284 fraudis
669 4219 788 4284 nescia.
914 4219 1012 4285 ductu
1032 4223 1182 4305 pervenit
1204 4224 1328 4305 gratiae.
1499 4228 1543 4291 20

234 4405 297 4472 Hic
318 4424 454 4488 gregem
477 4403 539 4502 sibi
561 4402 733 4484 creditum,
912 4407 983 4475 Dec
1005 4411 1091 4494 patri
1115 4413 1158 4476 sit
1178 4412 1286 4494 gloria

233 4509 325 4594 prins
348 4507 440 4573 malis
463 4505 667 4588 implicitum,
819 4510 859 4602 10
913 4514 1049 4599 ejusque
1072 4510 1223 4580 soli'filio

189 4689 190 4694 ἵ
234 4633 298 4698 per
319 4611 477 4676 doctrinae
497 4610 711 4693 frequentiam
912 4635 985 4682 cum
1007 4616 1122 4700 spiritu
1143 4617 1312 4702 paracleto

233 4717 279 4782 ad
301 4715 375 4781 coeli
398 4713 489 4778 duxit
510 4714 657 4798 patriam.
743 4811 745 4816 ,
910 4722 944 4787 in
965 4723 1162 4806 sempiterna
1185 4725 1317 4789 secula
1348 4741 1452 4789 umen.
