3338 5324
223 343 289 416 812

226 532 355 588 werden:
387 533 452 605 ejus
470 529 553 600 (scil.
572 527 702 599 Christi)
719 543 790 599 paee
808 527 937 598 repleas,
971 528 1069 584 womit
1087 529 1159 584 areli
1176 528 1225 584 der
1243 526 1380 603 folgerde
1399 531 1467 589 Sale
1486 549 1537 587 ru·

227 619 448 692 semmenhsngt,
466 617 518 674 der
536 616 666 672 dssselbe
684 615 804 690 Subjeet
820 617 877 672 hat

313 707 347 762 V.
366 708 410 762 39.
437 707 494 762 llas
511 705 580 761 Lied
597 703 730 760 schliesst
747 704 798 760 mit
814 704 966 760 desselben
984 704 1123 775 Worten,
1141 704 1197 761 wie
1216 721 1247 760 es
1266 703 1402 777 snfdngt,
1420 722 1482 762 was
1501 703 1532 760 in
1651 731 1652 736 ι

227 793 278 852 der
296 794 461 850 sltirisehen
479 791 647 850 Dichtlrurst
664 791 753 864 Regel
770 791 815 848 ist.

424 1078 510 1154 937.
549 1078 607 1149 De
631 1103 659 1148 s.
687 1075 902 1152 Gehehardo
929 1079 1035 1176 episc.
1062 1076 1333 1150 Constantiensi.

229 1281 258 1348 Ο
281 1290 393 1348 saneto
415 1279 625 1364 Gebeharde,
825 1309 827 1313 ·
904 1281 1080 1364 hostesque
1104 1283 1328 1365 nominentur,

227 1386 399 1452 confessor
421 1385 474 1449 dei
495 1385 618 1465 inclite,
903 1405 970 1468 pax
992 1403 1112 1470 perpes
1135 1387 1227 1450 nobis
1251 1384 1464 1468 concedatur3

109 1535 112 1542 -
225 1507 286 1554 ora
303 1507 365 1574 pro
386 1489 494 1572 nobis,
517 1505 715 1570 quaesumus,

224 1599 261 1660 ut
278 1593 320 1658 sit
342 1592 422 1657 deus
445 1593 619 1677 propitius3
903 1571 948 1638 Ut
969 1574 1104 1640 trinitati
1125 1578 1263 1660 gl⁰fi³¹¹¹

903 1697 1082 1762 pangamus
1111 1689 1144 1746 et
1165 1681 1334 1747 victoriam
1489 1683 1530 1744 10

224 1779 269 1846 Ut
291 1782 412 1846 crimen
434 1799 528 1845 omne
548 1779 708 1862 deleatur,
830 1785 848 1844 5
903 1789 1009 1846 mente
1032 1801 1149 1848 serena
1172 1784 1285 1848 sedulo

223 1885 349 1969 pericla
372 1892 488 1950 cuneta
510 1881 664 1948 sedentur
903 1877 1043 1950 nuncet
1064 1894 1201 1951 venturo
1222 1871 1354 1954 saeeulo.

315 2046 374 2102 Ars
396 2043 474 2098 einer
498 2041 703 2097 Peterslriluser
727 2044 776 2098 Hs.
800 2061 834 2099 zu
858 2045 1046 2116 Heidelberg,
1075 2047 1108 2099 12
1127 2045 1224 2102 Jahrh.
1267 2047 1296 2102 ln
1316 2046 1463 2101 derselben
1480 2047 1530 2101 lls.

226 2133 303 2191 steht
321 2133 394 2187 auch
412 2132 457 2185 ein
475 2130 638 2186 metrisehes
658 2129 751 2186 leben
768 2131 914 2190 Gebhards
932 2133 961 2188 in
974 2134 1156 2205 vierzeiligen
1172 2135 1373 2190 assonirenden
1386 2136 1531 2205 Strophen

225 2237 284 2277 von
302 2219 478 2292 ungleiehem
497 2218 574 2287 Bau,
592 2219 716 2273 welches
736 2217 784 2274 fiir
803 2219 847 2276 die
866 2221 1019 2292 'l'agzeiten
1038 2221 1194 2292 gebraucht
1212 2223 1319 2278 wurde.

320 2341 438 2398 tretis
457 2341 535 2410 deus,
553 2339 602 2396 Hs.
638 2341 655 2395 6
675 2341 816 2411 sedantur,
835 2343 882 2398 lls.
920 2346 936 2397 7
954 2343 1060 2412 hostes,
1078 2344 1126 2398 Hs.

397 2623 483 2700 938.
523 2617 716 2724 Sequentia
744 2624 787 2699 de
815 2655 842 2698 s.
873 2626 1086 2701 Gebelrarde
1115 2630 1356 2727 (troparium).

228 2835 259 2896 1.
293 2829 439 2895 Gaudete
457 2829 539 2912 justi
561 2831 593 2893 in
616 2830 746 2896 domine
902 2833 931 2896 5.
963 2833 1064 2908 Quem
1101 2854 1160 2898 rex
1197 2841 1314 2918 potens
1352 2793 1527 2920 dispensa·

289 2938 352 3001 hae
375 2936 464 3000 elara
487 2934 563 3040 die,
1274 2950 1378 3006 torem
1489 2945 1529 3006 15
1656 2937 1657 2942 ’

952 3041 1096 3106 lamiliae
1120 3062 1188 3109 suae

226 3157 256 3222 2.
288 3151 519 3218 collaudantes
529 3151 690 3217 Christum
700 3151 849 3217 consonis
968 3147 1167 3211 consulendo
1190 3149 1347 3232 praetulit,

295 3259 430 3324 V⁰⁰ib¹¹⁵
453 3267 486 3322 et
508 3259 656 3340 ⁰f5³¹¹i⁸²
733 3307 740 3322 ’
967 3281 1011 3348 Ut
1033 3284 1187 3349 talentum
1210 3286 1271 3350 sibi
1293 3287 1444 3352 collatum

291 3411 353 3490 Qui
365 3413 398 3476 in
413 3412 533 3477 sanctis
548 3413 614 3477 suis
628 3411 798 3478 laudabilis
830 3414 849 3474 5
969 3386 1011 3451 ad
1032 3407 1161 3452 “sulam
1184 3388 1294 3473 dalet,

291 3524 341 3582 est
364 3525 397 3580 et
418 3516 592 3596 mirabilis,
968 3509 1029 3556 nee
1051 3494 1110 3556 sub
1134 3499 1222 3592 terra
1245 3501 1380 3578 tegeret.
1420 3591 1424 3599 ι
1482 3496 1526 3559 20

902 3683 932 3745 6.
965 3681 1035 3760 Quo
1058 3682 1173 3748 ditavit
1194 3686 1326 3768 multos,

966 3787 1120 3852 terrendo
1144 3787 1223 3854 dure
1246 3791 1422 3875 improbos,

966 3889 1115 3970 rogando
1137 3891 1254 3955 leniter
1277 3893 1443 3976 subjectos

288 3971 371 4036 Hine
380 3978 439 4053 est,
454 3970 551 4034 hodie
561 3967 647 4051 quod
656 3987 850 4033 veneramur
965 3999 1062 4075 atque
1085 3995 1290 4078 corrigendo.

288 4073 759 4140 haeesaerosanetasollemnia
807 4075 849 4138 10

223 3730 254 3794 8.
287 3728 375 3806 Quos
397 3727 561 3811 glorificat
583 3729 663 3792 mira
686 3728 793 3810 gloria

294 3833 325 3896 in
348 3840 437 3898 terre
461 3851 501 3898 ae
523 3851 622 3916 super
645 3830 763 3895 sidera.

966 4133 1125 4218 Dispersit
1148 4143 1293 4213 terrene,
1329 4217 1331 4222 Ι
1426 4151 1430 4158 ·
1460 4123 1528 4200 '25

967 4248 1002 4304 ut
1024 4246 1230 4321 compararet
1251 4247 1390 4321 esterna,

966 4343 1106 4408 fundans
1129 4345 1187 4408 tibi
1209 4342 1339 4410 Christe
1362 4344 1465 4410 eedem

967 4456 1063 4530 teque
1085 4449 1164 4514 feeit
1185 4449 1247 4515 sibi
1268 4448 1431 4516 heredem.

220 4299 254 4366 ι.
288 4269 848 4393 SanctissimipresulisGebelrardi,

287 4397 341 4481 qui
375 4401 470 4460 ornat
500 4392 609 4458 mundi
631 4392 763 4476 polique
790 4411 847 4458 eu·

585 4514 675 4559 rlam.

284 4635 346 4702 llie
367 4633 468 4700 nobili
491 4635 593 4718 stirpe
615 4635 823 4719 progenitus,
898 4640 929 4703 7.
960 4597 1188 4704 pulsanti-tibi
1209 4640 1351 4705 recurrit

282 4741 423 4806 nobilior
438 4740 497 4808 sed
511 4741 640 4806 refulsit
652 4740 807 4821 moribu,
965 4739 1179 4823 gaudensque
1201 4747 1234 4806 te
1258 4744 1402 4829 excepit,
1481 4744 1529 4808 30
