3332 5318
1355 304 1418 368 12⁷

115 495 239 576 Tangis
263 509 390 556 sacrum
414 487 533 554 Christi
555 490 650 572 latus,
794 489 860 573 piae
882 489 1112 555 consolationis

116 601 164 662 sic
187 597 230 661 ad
252 596 350 660 fidem
373 594 607 675 conformatuS,
838 594 931 658 nobis
952 594 1004 657 fer
1026 592 1177 658 subsidia.
1377 593 1419 656 20

111 702 184 784 jam·
207 716 383 765 coruscans
407 697 572 762 laureatus
702 696 741 756 15

160 806 193 869 in
216 802 342 868 ooelesti
364 802 462 865 curia,
795 781 927 846 Nostrae
949 799 1071 846 memor
1093 781 1257 846 concionis

795 903 898 969 posce
917 903 977 950 nos
1000 885 1122 970 repleri
1143 883 1237 948 donis

116 993 187 1058 Vas
209 994 335 1074 insigne
357 991 523 1073 rationiS,'
795 989 1038 1072 charismatum,
1061 997 1096 1054 ut
1120 1008 1190 1054 cum
1212 989 1306 1054 bonis

117 1097 211 1162 testis
232 1095 493 1174 resurrectionis,
837 1093 983 1157 laetemur
1004 1095 1037 1157 in
1058 1093 1172 1176 gloria

207 1294 252 1348 Hs.
272 1311 307 1348 nu
324 1295 354 1348 S.
375 1293 473 1349 Gallen
493 1277 545 1347 No‘.
560 1294 620 1347 sto.
639 1291 659 1346 f.
676 1295 738 1346 233.
758 1294 791 1344 15
805 1291 904 1346 Jahrb.
923 1291 974 1347 mit
992 1291 1042 1346 der
1060 1289 1186 1347 llelodie.
1222 1291 1272 1344 Die
1291 1290 1421 1346 Schluss·

116 1397 200 1436 verre
219 1379 269 1436 der
286 1377 430 1450 Strophen
448 1381 539 1436 haben
558 1380 687 1452 gleicben
704 1379 791 1434 Reim.

207 1529 240 1584 V.
259 1532 301 1584 13.
323 1532 365 1586 1t.
391 1530 431 1584 De
449 1527 502 1584 tilii
520 1529 728 1584 resurrectione
747 1528 829 1584 citius
848 1528 957 1598 quidem
977 1543 1046 1599 ego,
1064 1527 1112 1598 qui
1129 1521 1254 1580 infirmus
1273 1540 1342 1593 sum,
1360 1540 1421 1579 ore·

118 1617 238 1671 diderim
271 1617 384 1674 onoma
407 1617 546 1672 dubitanti
576 1621 605 1674 et
619 1616 780 1687 palpanti,
819 1631 901 1685 quam
930 1616 1034 1686 Gepbae
1066 1613 1189 1670 audienti
1223 1619 1252 1668 et
1288 1611 1423 1668 credenti.

119 1705 147 1762 S.
167 1706 301 1761 Berncrdi
319 1706 390 1759 hem.
406 1708 433 1774 2,
452 1707 494 1766 12,Ι

489 2077 574 2148 717.
608 2076 664 2147 De
692 2073 825 2147 eodem.
857 2075 1049 2172 sequentia.
1088 2026 1090 2034 y

120 2327 221 2396 Salve
245 2329 367 2395 Thoma
389 2329 534 2413 didyme,
798 2326 881 2392 Arte
904 2328 1049 2393 miranda
1072 2329 1168 2393 struis

121 2435 186 2500 dux
209 2453 330 2516 pugnae
352 2433 521 2516 legitimae,
799 2431 1047 2497 conductoribus
1070 2433 1132 2496 tuis

120 2538 233 2603 salutis
256 2537 465 2620 signaculum.
798 2534 930 2598 coeleste
953 2534 1115 2634 palatium.

120 2742 234 2810 Mundi
255 2742 408 2825 princeps
430 2741 568 2823 optime,
799 2740 847 2804 Tu
870 2747 1065 2804 mortuorum
1090 2747 1209 2823 motor,

119 2848 225 2911 forma
248 2844 338 2928 pacis
361 2843 489 2925 intimas,
724 2843 743 2902 5
798 2833 973 2909 viventium
995 2852 1179 2934 promotor,

120 2949 268 3014 veritatis
293 2947 469 3030 speculum.
799 2956 929 3013 curator
953 2948 1119 3030 debilium3

122 3155 169 3219 Te
191 3155 324 3218 lucerna
346 3152 423 3216 fidei
712 3152 715 3157 ’
798 3156 950 3242 Abyssus
972 3160 1108 3232 loetitiae.
1175 3135 1177 3139 Ι

119 3264 412 3342 perscrutatorque
435 3256 488 3321 dei
798 3259 912 3325 dulcor
935 3261 1097 3343 amicitiae,

121 3361 272 3426 excelsus
297 3361 330 3423 in
354 3360 467 3442 gloria.
799 3362 951 3426 defensor
979 3361 1129 3446 fidelium.

120 3569 284 3653 Stigmata
305 3567 387 3633 Jesu
410 3565 530 3633 Christi
705 3567 744 3630 to
797 3565 890 3631 Nunc
912 3567 965 3649 pie
988 3584 1048 3631 nos
1072 3574 1178 3648 tuere,
1299 3557 1301 3562 ’
1379 3564 1422 3625 25

119 3680 272 3759 patenter
294 3671 450 3738 introisti
798 3690 839 3734 ne
861 3671 965 3754 possit
987 3688 1046 3734 nos
1069 3677 1194 3734 terrere

120 3783 155 3838 et
177 3793 258 3838 vera
279 3773 443 3856 mysteria.
503 3797 505 3803 ⁴
798 3773 953 3837 malorum
976 3773 1175 3854 adversitas3

121 3980 173 4044 'l'u
194 3980 359 4045 virtutum·
371 3981 495 4063 radius,
801 3980 870 4046 llac
892 3997 951 4043 nos
974 3978 1086 4044 Jesum
1110 3997 1260 4060 cernere,

120 4101 187 4166 quo
211 4084 348 4165 virginis
371 4083 455 4148 filius
639 4124 644 4132 «
801 4083 855 4166 qui
877 4084 950 4148 lons
973 4090 1023 4148 est
1046 4083 1122 4146 vitae
1146 4101 1255 4164 verae,

119 4187 179 4251 det
203 4187 322 4251 mundo
343 4188 500 4252 solatium.
708 4187 747 4249 15
801 4196 984 4253 sanctorum
1006 4179 1158 4251 suavitas.
1382 4183 1424 4245 30

208 4365 268 4419 Ans
286 4363 436 4422 desselben
454 4365 502 4420 lls.
519 4363 540 4419 f.
558 4368 618 4420 233.
643 4366 693 4422 mit
716 4365 767 4422 der
784 4366 914 4423 llelodie.

209 4491 241 4540 11
260 4493 407 4558 potenter,
426 4487 473 4542 us,

209 4607 348 4681 Obgleich
371 4608 429 4663 alle
448 4607 543 4664 Reime
565 4607 660 4663 ‘dieses
679 4607 777 4665 liedes
796 4605 905 4680 stumpf
925 4609 996 4664 oder
1012 4606 1152 4664 minnlicb
1170 4603 1248 4674 sind,
1279 4618 1313 4659 so
1333 4599 1425 4656 haben

117 4696 162 4754 sie
181 4697 256 4756 doclr
274 4701 292 4752 2
309 4697 420 4768 Sylben
437 4696 492 4754 wie
511 4697 538 4751 in
556 4696 609 4754 No.
628 4698 688 4754 uto.
707 4700 767 4752 711.
1091 4693 1092 4698 ’
