3338 5324
147 505 225 562 Blasi
241 504 357 578 praesul,
371 503 474 558 virens
491 502 649 572 purissime,
825 502 903 572 regis
921 501 1026 558 crimen
1044 501 1149 558 Kuroli
1162 503 1294 572 recitans,

148 593 249 666 plagas
268 608 371 649 outons
392 589 484 646 earnis
502 594 532 644 et
550 589 663 657 animas,
822 587 979 657 impetrate,
998 603 1060 657 quae
1079 604 1150 642 nune
1169 604 1229 642 sum
1247 585 1387 664 flagitans,

148 697 165 736 o
183 679 287 751 Aegidi
304 694 365 734 oum
383 677 454 734 feria
472 676 617 745 babitans,
824 674 898 746 apud
917 674 1006 744 deum,
1025 691 1059 728 ne
1081 673 1132 728 sim
1150 675 1323 745 periclitans.

463 964 550 1038 887.
585 941 779 1060 Sequentia
806 959 850 1030 de
875 985 901 1029 a
931 958 1114 1032 Disibodo

150 1149 154 1158 ⁸
251 1165 277 1230 0
299 1163 421 1250 praesul
435 1183 525 1229 verae
542 1163 694 1246 civitatis,
727 1161 836 1244 quiin
858 1161 978 1245 templo
1003 1162 1167 1244 angularis
1191 1163 1308 1248 lapidis
1332 1180 1447 1229 aseen-

121 1271 229 1358 ‚dens
252 1271 285 1333 in
308 1269 423 1358 omium
445 1269 478 1332 in
501 1275 591 1331 terra
613 1272 797 1350 prostratus
819 1263 907 1328 luisti
928 1273 1066 1348 propter
1089 1267 1192 1332 deum.

252 1369 299 1438 'lu
329 1373 522 1455 peregrinus
551 1390 571 1434 a
603 1369 724 1434 semine
750 1358 860 1433 mundi
888 1367 1079 1433 desiderasti
1109 1372 1184 1436 exul
1214 1369 1284 1434 fieri
1303 1377 1449 1459 propter

146 1497 289 1543 amorem
312 1477 440 1541 Christi.

251 1581 278 1646 Ο
301 1598 392 1644 mons
416 1579 535 1645 olausae
558 1578 690 1658 mentis,
721 1584 756 1641 tn
778 1575 908 1641 assidue
931 1577 1076 1660 puleram
1101 1579 1216 1643 faeiem
1240 1578 1395 1663 aperuisti
1416 1577 1449 1640 in

148 1685 283 1766 speculo
306 1677 472 1748 oolnmbee.

251 1787 299 1851 'l'u
320 1787 354 1849 in
377 1787 538 1850 absconso
561 1783 684 1848 latuisti
705 1779 882 1850 inebriatus
905 1783 1007 1848 odore
1026 1784 1157 1865 florum,
1202 1803 1263 1867 per
1285 1785 1450 1856 eaneellos

145 1898 332 1956 sanatorum
355 1890 496 1976 eminans
520 1887 592 1954 deo.

252 1992 279 2057 0
310 1992 435 2058 eulmen
466 1993 500 2054 in
526 1990 673 2057 clavibus
700 1991 791 2070 ooeli,
831 1989 918 2072 quod
948 1998 1085 2073 propter
1111 1993 1317 2076 perspicuam
1350 1992 1450 2058 vitam

148 2097 298 2162 mundum
321 2095 511 2176 vendidisti,
535 2096 603 2179 hoo,
621 2101 802 2175 certamen,
827 2094 910 2157 alme
934 2094 1116 2178 confessor,
1140 2113 1269 2179 semper
1291 2096 1394 2164 habes
1417 2097 1450 2160 in

105 2228 109 2236 ·
145 2203 285 2268 domiuo.
1382 2217 1386 2262 1

102 2289 105 2298 ’
250 2305 286 2369 ln
311 2311 366 2368 tua
388 2303 471 2367 enim
494 2309 600 2366 mente
623 2301 696 2366 lons
718 2302 812 2364 vivus
835 2301 1012 2390 clarissima
1031 2301 1103 2365 lune
1121 2302 1310 2387 purissimos
1327 2303 1450 2368 rivulos

144 2411 259 2476 eduxit
280 2429 341 2492 per
364 2409 449 2472 viam
472 2407 593 2472 salutis.
725 2471 728 2478 Δ

252 2511 301 2584 'lu
322 2531 440 2594 magna
463 2509 560 2574 burris
583 2517 658 2574 ante
682 2510 786 2574 altare
810 2508 923 2571 summi
949 2504 1001 2570 dei
1026 2516 1058 2572 et
1080 2507 1177 2592 hujus
1202 2511 1302 2574 turris
1324 2511 1450 2576 eulmen

60 2675 62 2682 ,
152 2616 350 2683 obumbrasti
372 2615 574 2700 pessumum
597 2619 783 2680 aromatum.
1287 2671 1291 2680 ,

134 2745 138 2753 ’
253 2719 476 2802 0Disibode,
507 2720 540 2782 in
563 2726 618 2783 tuo
640 2718 758 2781 lumine
780 2737 843 2802 per
866 2717 1015 2801 exempla
1037 2717 1111 2800 puri
1134 2718 1205 2781 soni
1226 2719 1370 2782 membra
1391 2715 1451 2778 mi-

149 2826 250 2890 rifioae
273 2824 379 2900 landis
402 2823 572 2890 aedifieasti
593 2823 627 2886 in
651 2822 775 2887 duabus
797 2822 943 2904 partibus
966 2841 1026 2902 per
1049 2821 1148 2886 filium
1170 2822 1315 2888 hominis.

252 2929 289 2993 ln
313 2929 379 2992 alto
399 2936 466 2991 stas
490 2945 554 2990 non
575 2928 772 2991 erubescens
795 2932 870 2988 ante
894 2924 988 2988 deum
1003 2925 1111 2989 vivum
1135 2931 1168 2988 et
1186 2924 1333 3008 protegis
1356 2921 1452 2986 viridi

147 3050 225 3098 rore
247 3031 417 3097 laudantes
441 3032 534 3095 deum
557 3030 620 3094 ista
641 3045 734 3093 voee.
849 3037 851 3042 “
884 3041 886 3048 ’

167 3219 169 3224 Ι
254 3134 281 3199 0
304 3129 406 3200 dulcis
429 3136 497 3198 vita
519 3142 552 3198 et
575 3151 595 3197 ο
617 3137 715 3198 beata
736 3134 998 3216 perseverentia,
1017 3139 1104 3213 'quae
1130 3133 1162 3195 in
1187 3131 1251 3196 hoo
1272 3133 1370 3200 beato
1394 3129 1451 3194 lli·
1508 3151 1512 3158 ·

148 3238 263 3307 sibodo
286 3240 463 3322 gloriosum
486 3238 593 3302 lumen
615 3252 743 3320 semper
766 3233 935 3299 aedificasti
956 3235 988 3298 in
1012 3235 1136 3299 ooelesti
1159 3233 1351 3299 Jerusalem.

164 3409 166 3412 .
253 3343 347 3408 Nune
369 3342 504 3406 sitlans
527 3341 590 3405 deo
612 3342 645 3404 in
672 3341 776 3404 torma
800 3339 925 3422 pulerae
954 3346 1097 3401 tonsura
1119 3337 1256 3401 viriliter
1285 3343 1451 3421 operante.

207 3453 210 3458 '
253 3445 296 3511 Et
314 3447 448 3529 superui
470 3446 559 3509 cives
583 3445 749 3528 gaudeant
772 3442 813 3505 de
836 3442 900 3524 his,
925 3441 980 3522 qni
1000 3458 1056 3504 eos
1080 3441 1143 3505 boo
1164 3440 1260 3506 modo
1279 3441 1452 3504 imitantur.

122 3573 125 3578 “
240 3580 287 3634 lls.
313 3597 348 3634 nu
365 3578 541 3646 Wisbaden‚
573 3581 606 3632 12
624 3577 723 3633 Jahrb.
742 3575 806 3629 'mit
830 3574 880 3629 der
904 3570 1032 3628 llelodie.
1068 3570 1152 3627 Steht
1175 3586 1221 3626 am
1244 3569 1379 3629 Solliosse
1403 3568 1453 3624 cler

152 3667 261 3723 Werke
280 3667 331 3722 der
349 3666 374 3720 h.
393 3665 543 3738 liildegart
562 3663 617 3720 uod
636 3665 673 3719 ist
692 3660 932 3718 wahrseheinlioh
950 3661 1007 3714 von
1025 3656 1070 3713 ihr
1088 3655 1220 3714 versasst.

370 3936 374 3944 ¹
429 3953 515 4026 888.
547 3911 593 4024 in
615 3951 704 4024 leste
733 3947 767 4022 b.
794 3947 983 4052 Dominiei.
1014 3945 1174 4048 hymnus.
1262 3925 1282 4028 ⁵,
1328 3911 1330 3918 Ι

149 4157 310 4240 Hymnum
333 4175 429 4221 novae
452 4156 575 4220 laetitiae
827 4162 860 4218 et
882 4151 1001 4221 eleusis
1023 4149 1129 4233 eulpae
1152 4167 1286 4216 eareere
1320 4207 1323 4212 .
1427 4147 1446 4158 “’

152 4262 239 4328 dulei
260 4261 452 4347 productum
475 4261 601 4327 cantico
827 4271 939 4340 praeeo
958 4253 1072 4316 salutis
1095 4251 1236 4318 mittitur.

148 4371 262 4432 noster
283 4365 454 4458 depromat
479 4362 576 4428 hodie

183 4479 185 4484 .
511 4469 518 4483 .
545 4469 551 4482 .
828 4411 1014 4477 Dootrinam
1042 4407 1264 4492 evangelieam

151 4465 269 4538 odorus
292 4476 405 4564 saneto
428 4468 603 4534 Dommmo.

829 4532 989 4601 spargens
1011 4533 1072 4596 per
1094 4511 1182 4578 orbis
1205 4510 1369 4585 cardinem
1413 4508 1452 4571 to

104 4655 107 4662 ·
153 4626 303 4707 Verpsnle
324 4624 433 4689 moedi
454 4639 581 4708 uespere
755 4619 775 4680 5
827 4625 954 4702 pestem
976 4615 1068 4699 lugat
1091 4613 1292 4695 haereticam,

148 4747 267 4796 novum
290 4728 379 4795 sidus
401 4727 561 4810 exoritur,
708 4745 716 4761 ·
827 4737 946 4784 novum
968 4717 1155 4804 producens
1177 4715 1333 4782 ordinem.
