3326 5322
138 517 168 584 si
190 523 358 601 gestorum
379 523 530 582 teneatur
746 521 767 584 5
818 517 857 586 In
880 517 943 584 hoc
964 525 1063 604 caput
1085 523 1286 602 amputator,

183 621 259 686 finis
281 628 314 686 et
331 621 463 686 initium.
862 617 932 684 fluit
954 619 1007 684 lac
1029 637 1102 684 cum
1124 620 1297 703 sangnine,

819 721 1010 803 angelorum
1033 721 1223 785 sublevatur
1405 721 1448 786 15

138 811 328 880 Imminentc
350 809 505 892 passione
863 840 982 906 corpus
1005 821 1207 887 multitudino
1238 867 1242 873 .

182 913 279 994 virgo
302 911 374 974 haec
395 910 573 976 interserit:
819 933 853 990 gt
873 917 965 990 sinai
987 925 1168 990 oonocatm

141 1005 369 1099 „essequam
390 1011 472 1076 ΜΠ
494 1015 598 1096 b⁰¹¹02
641 1081 643 1086 -
861 1032 895 1096 in
917 1049 1069 1114 supremo
1092 1031 1238 1098 culmino.

183 1117 272 1200 quod
294 1137 315 1182 a
337 1125 371 1180 te
392 1117 539 1202 petierit,
725 1119 766 1184 10

139 1241 201 1311 suo
224 1223 368 1305 quisquis
392 1223 424 1285 in
448 1241 555 1305 agone
819 1215 933 1286 Gloria
954 1227 988 1284 et
1010 1219 1115 1287 honor
1137 1221 1200 1286 (leo
1227 1229 1288 1288 etc.

183 1344 308 1391 memor
331 1327 395 1390 mei
417 1321 543 1391 inerit.“

228 1526 279 1580 llio
305 1525 427 1597 rotigen
453 1525 516 1580 llss.
541 1526 636 1582 ABGD
662 1524 718 1582 und
744 1527 794 1582 lls.
822 1543 880 1582 von
906 1527 936 1583 S.
962 1527 1048 1583 Peter
1079 1529 1133 1584 Nc.
1159 1529 1194 1582 63
1226 1545 1260 1582 zu
1279 1527 1450 1597 Karlsrulrs‚

140 1614 193 1755 ἑᾷ
193 1612 318 1756 ,1ῗῖξῶ
319 1611 376 1756 pllpe
395 1608 669 1668 iubereinstimmencl.
705 1613 791 1671 Steht
809 1614 882 1668 such
899 1613 999 1669 in-der
1015 1615 1188 1670 Minchener
1204 1615 1253 1672 us.
1272 1616 1340 1674 Ulm.
1360 1615 1449 1671 10909

342 2070 451 2146 1005.
482 2067 698 2192 antiphonae
723 2069 768 2142 de
795 2097 824 2142 s.
850 2069 1044 2144 liutherius
1069 2069 1115 2142 ad
1135 2065 1252 2142 horas.

638 2329 646 2338 ·
675 2289 740 2374 (ot
761 2287 902 2372 laedes.)

297 2461 373 2529 Ave
395 2463 491 2546 virgo
515 2462 681 2546 speciosa,
703 2463 823 2527 clarior
846 2459 1007 2524 sideribus

297 2566 390 2650 cujus
412 2566 536 2630 vultum
559 2571 592 2629 et
614 2564 767 2629 decorem
791 2563 978 2646 concupivit
1001 2559 1162 2644 dominus,

296 2669 395 2733 funde
419 2687 536 2753 preces
561 2669 701 2734 creatori
726 2686 787 2751 pro
812 2668 877 2731 tuis
899 2666 1106 2750 supplicibus.

686 2874 731 2940 od
750 2877 896 2958 primam.
971 2897 975 2906 ·

298 3044 375 3112 Ave
399 3066 526 3130 gemma
549 3047 705 3112 'claritatis
728 3048 771 3112 ad
794 3050 899 3112 instar
922 3023 1126 3126 carbunculi,
1215 3049 1219 3054 '

299 3170 360 3214 ave
383 3168 460 3214 rosa
483 3150 629 3234 paradisi
650 3169 740 3215 more
764 3151 916 3233 fragrans
939 3149 1092 3229 balsami3

299 3305 493 3388 Katherina,
515 3307 611 3388 virgo
635 3307 727 3389 felix,
751 3308 897 3391 gloriosa
918 3305 1057 3386 meritis,

299 3412 488 3486 assistentes
512 3412 575 3474 tuis
597 3409 690 3475 sestis
714 3411 789 3476 coeli
806 3410 912 3493 junge
934 3407 1070 3493 gaudiis.

697 3621 740 3688 od
762 3621 894 3686 tertiam.

248 3783 250 3786 ’
300 3775 379 3842 Cum
401 3777 433 3840 in
457 3785 571 3842 sancta
593 3775 786 3859 Katherina,
819 3775 903 3840 Jesu
925 3763 1069 3852 Ohris‘te,
1099 3766 1235 3850 coleris,

299 3901 420 3947 memor
443 3890 515 3947 esto
537 3885 631 3948 verbi
654 3885 714 3966 tui,
738 3900 861 3948 memor
886 3887 956 3943 estc
978 3875 1136 3957 muneris,

300 3985 388 4066 qnod
407 3986 517 4051 oranti
540 3986 703 4051 contulisti
725 4005 784 4072 spo
807 3983 938 4050 humani
961 3981 1101 4064 generis.

701 4197 744 4262 od
761 4199 895 4291 sentem.

298 4343 476 4410 Benedicta
499 4347 542 4410 sit
562 4347 706 4427 inmensa
728 4352 929 4435 sempiterna
950 4345 1093 4421 trinitas,

302 4468 398 4532 quarn
421 4451 576 4534 cognovit
597 4452 681 4515 inter
703 4463 818 4536 gentes
841 4450 1023 4516 Katherina
1043 4445 1209 4531 perditas3

178 4669 181 4674 .
301 4601 599 4680 procreemus
622 4625 683 4671 nec
706 4609 811 4672 aetatis
835 4606 957 4672 amovit
979 4602 1156 4686 fragilitas,

302 4705 361 4770 sed
385 4707 510 4798 honore
532 4709 692 4792 passionis
715 4719 765 4777 est
787 4731 848 4776 nsa
871 4709 1050 4793 virginitas.

188 4838 274 4896 Morte,
290 4837 377 4884 latoio.
393 4837 518 4894 llyrnnen.
538 4841 582 4886 111.
1200 4804 1245 4870 24
