3308 5310
159 517 234 573 luda
253 515 347 586 surgit
363 514 392 568 in
410 511 567 579 Matthiam,
841 507 952 578 Cyprus
971 505 1109 578 surgitis
1129 505 1275 562 doctorem

162 605 228 657 dum
247 600 371 656 ostendit
388 599 414 654 ei
432 598 507 651 viam
841 595 1015 664 Barnabam,
1034 595 1096 648 dum
1116 594 1170 648 sibi
1187 610 1283 652 rorem

199 686 322 742 cuelestis
342 683 492 755 praeconii,
877 683 968 739 stillat
987 682 1138 754 evangelii.

89 779 197 832 22-2t
215 774 309 828 fehlen
327 775 360 827 A.
396 771 476 825 Nach
493 771 529 824 2h
547 775 607 824 seut
626 770 648 825 C
666 767 764 824 hinnu:

162 865 291 929 Marcus,
309 861 422 914 Petrum
440 858 581 925 imitatus,
842 856 892 911 llis
911 857 1041 927 patronis
1059 857 1126 912 vitae
1145 857 1236 923 donis,

162 947 357 1022 protopraesul
375 945 535 1000 immolatus
878 944 1003 1012 Christe,
1028 960 1081 998 nos
1100 942 1258 1009 accumula,

201 1041 246 1090 est
262 1036 290 1088 in
309 1033 494 1089 Alexandria:
843 1038 873 1086 ut
892 1047 1040 1101 queamus,
1061 1029 1135 1100 quod
1154 1045 1302 1100 speramus

166 1154 256 1208 Lucas
274 1152 355 1206 Pauli
373 1168 467 1206 comes
485 1147 557 1206 fidus
878 1124 975 1172 lenm
993 1133 1047 1189 9⁶¹*
1065 1117 1178 1174 flaessulfl·

164 1247 232 1311 post
249 1240 392 1309 prolatum
417 1238 519 1309 duplex
537 1239 614 1292 sidus

203 1325 352 1379 dormitio
371 1325 513 1394 Bithynia.

186 1481 256 1536 ilino
280 1481 385 1535 andere
403 1481 531 1550 Sequens
555 1477 608 1537 auf
628 1480 673 1534 die
695 1479 816 1552 Apostel
839 1480 914 1536 steht
938 1480 974 1534 im
998 1479 1134 1536 Hortalus
1152 1479 1252 1534 anima
1277 1477 1398 1534 111111.

90 1573 143 1626 mit
162 1570 224 1625 dem
242 1567 370 1640 Auiaug:

204 1675 227 1732 0
245 1675 329 1728 Petre
348 1672 521 1741 beatissime,
821 1674 1017 1743 apostolorum
1034 1673 1151 1728 maxime
1170 1678 1222 1726 etc.

183 1832 217 1886 V.
238 1835 262 1885 1.
289 1832 376 1890 florae
402 1830 457 1884 diei
480 1830 624 1886 duodecim
649 1836 728 1900 sunt,
766 1832 838 1886 undo
864 1831 936 1886 bene
962 1831 991 1884 iu
1015 1831 1153 1900 mysterio
1176 1830 1237 1886 dies
1262 1828 1400 1896 Christus,

93 1921 177 1993 cujus
197 1916 324 1989 apostoli
338 1916 500 1984 duodecim,
532 1918 580 1987 qui
598 1917 709 1972 coelesti
726 1918 829 1972 lumine
848 1917 986 1973 distinctis
1011 1917 1039 1972 iu
1058 1935 1089 1972 se
1108 1916 1209 1988 gratiae
1229 1916 1338 1976 vicibus
1356 1933 1400 1970 re·

92 2006 245 2063 fulserunt.
281 2007 398 2062 Ambros.
415 2006 445 2060 in
463 2021 564 2078 evang.
583 2005 647 2061 Luc.
665 2009 692 2075 l,
711 2010 772 2061 222.

182 2094 216 2148 V.
234 2097 260 2147 2.
291 2094 321 2148 in
335 2109 446 2148 occasu.
475 2092 521 2163 τὴν
540 2095 695 2166 οἰκουμένην
714 2092 825 2150 όλποισαν
844 2093 1001 2168 ἐπέδραμον
1021 2094 1047 2148 οἱ
1066 2090 1215 2148 ἀπόστολοι
1234 2095 1279 2146 καὶ
1294 2091 1402 2146 παντων

94 2181 239 2258 ἀρχόντων
257 2178 388 2256 ἄρχοντες
406 2181 528 2254 ἐγένοντο
547 2179 714 2256 κυριώτεροι,
732 2182 865 2238 Βασιλέων
884 2179 1078 2256 δυνατώτεροι·
1098 2183 1125 2236 οἱ
1141 2181 1190 2252 μὲν
1208 2179 1262 2254 γὰρ
1281 2179 1402 2252 βασιλεῖς

98 2269 195 2334 ζῶντες
214 2277 352 2342 κρατοῦσι,
370 2265 573 2342 τελευτήσαντες
592 2269 623 2322 δὲ
643 2263 829 2333 καταλύονται,
848 2259 925 2324 οὗτοι
943 2268 973 2322 δὲ
991 2265 1196 2340 τελευτήσαντες
1214 2265 1317 2338 μᾶλλον
1334 2288 1401 2342 κρα-

96 2355 182 2412 τοῦσι.
211 2356 339 2426 Chrysost.
362 2355 390 2408 in
413 2371 456 2424 ps.
481 2357 530 2422 ti,
550 2357 592 2408 13.
635 2357 661 2410 οἱ
678 2353 816 2430 μάρτυρες
841 2352 879 2425 τῷ
898 2351 1033 2425 ἀθανάτῳ
1052 2355 1158 2428 βασιλεῖ
1176 2356 1399 2429 στρατευθέντες.

97 2445 220 2500 Triodion
239 2444 297 2509 An,
314 2445 339 2496 2.
375 2437 529 2513 dycdleutov
553 2439 624 2497 θεοῦ
648 2440 804 2516 στράτευμα
829 2439 982 2516 μαρτύρων.
1014 2443 1135 2496 Triodion
1153 2443 1218 2508 As,
1236 2445 1261 2496 2.
1305 2442 1402 2496 trium·

96 2533 231 2602 phantes3
262 2529 332 2582 weil
355 2529 395 2582 sie
420 2528 464 2582 die
483 2528 620 2584 Soldateu
639 2529 744 2585 Christi
762 2545 867 2583 waren.
903 2529 933 2582 ln
950 2533 1094 2598 potestate
1112 2528 1252 2597 apostolis
1270 2529 1401 2599 positum,

97 2624 127 2674 ut
144 2617 259 2672 aliunde
278 2621 334 2670 uon
353 2616 484 2670 viverent
501 2615 556 2669 uisi
574 2633 608 2670 ex
627 2617 792 2687 evangelio,
811 2617 865 2670 hoc
884 2621 942 2683 est,
966 2615 1059 2670 carnis
1078 2616 1162 2687 hujus
1182 2614 1403 2670 sustentaculum

96 2708 241 2758 sumerent
259 2708 288 2758 et
305 2707 436 2772 tauquam
460 2703 563 2757 milites
582 2703 687 2758 Christi
705 2704 871 2772 stipendium
890 2703 1012 2756 debitum
1031 2703 1193 2772 acciperent
1212 2703 1284 2757 sicut
1302 2720 1319 2756 a
1337 2719 1404 2773 pro·
1498 2757 1500 2760 .

96 2789 265 2845 vincialibus
290 2790 403 2845 Christi.
440 2792 570 2860 Angustia.
593 2791 621 2844 in
647 2806 748 2861 evang.
776 2792 839 2846 doh.
866 2797 901 2845 tr.
922 2793 987 2858 122,
1006 2793 1031 2844 3.
1055 2787 1162 2844 ‘Schon
1183 2791 1301 2845 clement.
1321 2789 1402 2858 epist.

96 2879 132 2934 ad
151 2877 281 2934 Corinth.
300 2880 325 2945 1,
344 2879 386 2931 37.
415 2877 574 2950 vergleicht
592 2877 637 2932 die
656 2876 819 2932 Hierarchie
838 2879 887 2932 mit
905 2879 994 2931 einem
1013 2877 1187 2948 geordueteu
1205 2877 1403 2948 Kriegsheere.

186 2964 221 3018 V.
240 2965 263 3018 l.
291 2967 423 3034 depastio.
442 2971 533 3034 quaest
551 2981 650 3035 evang.
671 2968 694 3032 1,
714 2966 757 3020 38.
782 2965 910 3020 bemerkt
928 2983 962 3020 uu
981 2965 1078 3022 Matth.
1096 2967 1140 3034 21,
1158 2968 1200 3019 27.
1236 2965 1353 3018 orientis
1372 2969 1402 3019 et

97 3051 254 3108 occidentis
286 3051 396 3106 nomine
430 3057 518 3106 totum
552 3052 648 3106 orbem
680 3051 773 3106 voluit
804 3051 981 3124 significare,
1018 3070 1069 3123 per
1102 3069 1182 3122 quem
1205 3051 1312 3107 ’futura
1339 3056 1404 3105 erat

96 3139 227 3195 ecclesia.
267 3141 387 3194 diductos.
405 3139 434 3192 iu
452 3154 495 3208 ps.
515 3141 585 3206 idi,
605 3141 646 3191 15.
675 3138 739 3201 τοὺς
758 3135 930 3202 ἀποστόλους
949 3139 1035 3194 αὐτοῦ
1054 3146 1158 3210 φαίνειν
1177 3139 1215 3210 τῷ
1233 3139 1328 3210 ἀόσμῳ
1348 3134 1404 3190 ἀπὸ

97 3223 238 3282 ἀνατολῶν
255 3229 302 3290 καλ
319 3225 370 3288 ἕως
388 3223 515 3296 δυσμῶν,
542 3229 588 3280 καὶ
605 3222 643 3288 αἱς
660 3225 738 3281 υέτόν
756 3231 875 3282 κατιέναι
893 3227 940 3282 τόν
958 3225 1039 3302 λόγον
1062 3225 1155 3294 αὐτῶν,
1169 3229 1207 3288 εἷς
1225 3226 1271 3296 τὴν
1289 3225 1405 3300 καρδίαν

96 3315 144 3386 τὴν
163 3315 353 3388 ξυρανθεῖσαν
371 3312 418 3368 διὰ
435 3310 484 3382 τῆς
502 3309 646 3386 ἀμαρτλας.

354 3681 357 3686 ’
388 3785 391 3791 Ι
460 3687 546 3758 670.
587 3685 645 3756 De
673 3684 849 3783 apostolis.
888 3683 1047 3784 hymnus

102 3915 246 3995 Cregem
270 3920 372 3984 tuum,
395 3920 509 3995 pastor
532 3916 632 3995 bone,
717 3976 727 3988 ρ
781 3910 934 3996 Andrea,
957 3913 1215 3990 Bartholomaee,
1300 3925 1308 3958 -·

101 4035 219 4101 pasce,
244 4015 554 4100 protege,dispone
783 4026 817 4082 tu
839 4017 1021 4099 iohannes,
1046 4026 1079 4082 tu
1102 4019 1272 4100 Malthace,
1363 4021 1403 4084 10

100 4141 163 4204 per
185 4126 336 4201 pastores
359 4118 540 4201 ordinatae,
781 4121 813 4183 in
837 4120 920 4201 lide,
944 4141 1021 4205 spe,
1045 4123 1179 4186 caritate

101 4242 163 4306 per
185 4222 353 4304 apostolos
375 4225 498 4288 beatos.
782 4242 842 4287 uos
864 4224 1000 4307 fragiles
1022 4229 1184 4290 roborate.

100 4413 219 4495 Petne,
244 4411 391 4477 clavibus
415 4412 568 4477 coelorum
710 4416 728 4474 5
783 4407 876 4474 Assit
899 4391 1043 4477 Jacobus
1067 4421 1220 4495 uterque,

101 4517 195 4580 solve
220 4522 332 4598 portas
355 4515 545 4594 inferorum,
784 4520 989 4584 concorditer
1011 4521 1203 4604 fortiterque

101 4619 219 4700 Paule,
243 4618 387 4701 gentium
409 4620 581 4701 magister,
782 4623 867 4686 mala
890 4629 1001 4686 nostra
1024 4625 1285 4706 supplantanteS,
1369 4625 1408 4687 15

102 4726 147 4788 sis
172 4724 351 4790 coelestium
373 4723 526 4788 minister.
694 4723 698 4728 ’
782 4726 877 4790 bona'
891 4725 984 4790 nobis
1008 4727 1224 4810 inprecantes.

1129 4825 1175 4890 ge
