3294 5316
251 309 319 374 512

165 571 168 580 .
252 493 333 562 Sion
355 486 585 575 nonquerere.“
928 483 1051 550 nullum
1071 490 1179 550 metue

253 598 396 682 querelae
418 596 568 680 planetus
591 609 718 676 esperae
928 589 1072 672 nullique
1095 589 1186 656 cede.
1270 635 1274 646 .

252 710 287 767 et
307 700 454 786 ploratus
478 697 575 762 audie
834 692 876 756 30

252 806 345 871 vocis
367 811 401 868 et
421 801 577 884 loquelae,
928 777 1003 844 Non
1024 776 1189 862 permittat
1211 775 1292 844 deus

253 910 363 976 mixtte
387 913 461 971 sunt
483 903 637 988 suspirie,
929 889 963 946 te
985 877 1227 947 succumbere.“

247 1020 452 1103 ,planguntur
475 1035 495 1078 u
516 1010 695 1078 Raohaele:
929 981 1036 1048 ”ullus
1059 982 1260 1066 Phafissfflr

929 1088 1037 1152 nullus
1059 1087 1259 1170 philistaeus‚
1307 1154 1314 1168 ,

256 1199 398 1286 „Surge‚
422 1218 532 1284 pugna
554 1203 638 1278 tute,
929 1189 1037 1254 nullus
1060 1187 1264 1270 gebirnaeus.
1324 1227 1327 1234 -

253 1305 329 1370 tuos
351 1325 423 1370 eum
446 1295 565 1368 ¹uirtute
608 1287 634 1325 ’·
836 1297 877 1360 35
930 1291 1100 1374 nullusque
1123 1291 1248 1356 etlraeus

253 1407 365 1470 hostes
388 1412 543 1486 nentere,
931 1404 1046 1462 eontra
1068 1394 1271 1482 Stephanum
1300 1414 1303 1419 ·

213 1551 215 1556 -
254 1527 353 1591 surge
375 1509 494 1589 libere,
526 1504 530 1512 '
841 1571 844 1578 ,
930 1512 1082 1589 poterant
1104 1505 1289 1589 praevalere
1315 1577 1326 1598 ο

253 1611 349 1696 pulsa
372 1611 529 1675 servitute
931 1609 1025 1692 eique
1046 1621 1183 1690 nocere3

254 1735 373 1797 agnum
395 1734 550 1796 sequere,
930 1697 1086 1776 sederunt

254 1816 308 1881 hie
332 1836 392 1880 rex
415 1817 573 1898 gloriae,-
667 1815 670 1821 '
835 1813 877 1877 40
930 1820 965 1882 et
986 1811 1106 1877 devieti

254 1918 339 1983 stela
361 1918 492 1998 eurem,
515 1917 661 1983 bravium
931 1910 1020 1998 sunt,
1043 1914 1155 1980 uitlieti

254 2021 423 2101 victoriae,
929 2026 1126 2086 manserunt

254 2122 330 2185 hine
351 2121 405 2202 pie
429 2120 644 2202 conplectere.
1244 2179 1248 2188 ,

933 2207 1123 2274 Esurientes
1169 2271 1172 2278 .

111 2324 114 2329 ’
201 2361 203 2366 ,
255 2309 376 2394 Spera,
400 2308 514 2390 erede,
907 2309 967 2374 'et
990 2311 1136 2375 sitientes
1196 2302 1200 2308 ’
1302 2299 1306 2308 ’

254 2413 345 2480 nulle
365 2413 456 2480 eaede
479 2411 576 2494 cede,
837 2413 878 2477 45
933 2415 1110 2496 vixerunt,-
1245 2423 1251 2434 ‘

250 2515 348 2599 juxta
372 2515 413 2579 de
435 2513 588 2580 mercede
934 2535 1044 2582 omnes
1069 2508 1247 2600 perierunt.

342 2699 389 2754 ns.
407 2715 442 2754 ru
460 2699 545 2756 urse
563 2701 651 2771 teser.
671 2701 704 2753 13
722 2700 821 2756 lauru.
840 2701 891 2756 mit
908 2699 1041 2786 Nemes.

265 2877 267 2882 ,
345 2832 379 2884 10
396 2831 453 2900 lux,
470 2831 519 2886 ils.
553 2833 588 2886 21
607 2831 795 2902 turpitudinis,
813 2831 862 2888 lls.
901 2831 1172 2901 assereremus.

631 3183 776 3256 ¹1162.
811 3183 870 3256 Ile
897 3209 924 3256 s.
950 3183 1145 3282 Stephane.
1271 3205 1273 3211 ’
1404 3194 1414 3214 ·

173 3499 175 3505 y
253 3421 316 3489 Eia
337 3423 432 3506 plebs
454 3422 603 3506 levitica,
932 3425 1112 3507 Stephanus
1132 3425 1244 3507 plenus
1266 3408 1374 3508 gretia
1461 3471 1466 3480 -

253 3527 286 3590 in
310 3525 439 3591 leudem
463 3525 515 3590 dei
537 3545 697 3610 consone,
930 3527 1069 3611 faciebat
1088 3531 1247 3613 prediola,

254 3627 415 3715 Stephani
436 3649 546 3714 punge
568 3633 697 3696 rutilam
764 3625 765 3628 ’
932 3638 1024 3716 etpna
1045 3652 1162 3716 maone
1184 3637 1218 3700 in
1238 3634 1370 3718 popule,
1486 3691 1489 3697 .

253 3735 416 3818 passionis
440 3735 628 3817 victorium,
933 3736 1054 3802 doeens
1077 3736 1197 3802 Christi
1220 3736 1384 3820 magnalia

254 3838 308 3918 qui
329 3843 504 3901 eoronatns
527 3836 637 3919 lupide
859 3841 878 3904 5
931 3861 993 3925 per
1014 3839 1202 3905 Judeeorum
1226 3840 1364 3923 agmine.

252 3941 375 4024 primus
401 3939 507 4021 fulget
527 3939 561 4003 in
584 3941 721 4024 agmine.
931 3943 1017 4008 nnde
1040 3944 1192 4008 zelabant
1213 3943 1357 4026 nimium,

691 4055 693 4060 '
776 4053 779 4059 '
808 4038 811 4044 ’
931 4047 1063 4112 levitam
1089 4047 1350 4112 dissertissimum

252 4147 309 4215 Ad
333 4147 418 4212 dona
442 4151 545 4217 saneti
568 4154 700 4238 spiritns
918 4158 967 4216 ut
989 4171 1062 4216 eum
1084 4152 1156 4216 neei
1177 4151 1361 4232 traderent,
1517 4153 1557 4216 20

253 4251 474 4334 dispertienda
495 4257 647 4336 gentibus
931 4251 1052 4324 Christi
1074 4271 1189 4319 nomen
1214 4255 1452 4338 extinguerent

1623 4193 1624 4240 l

252 4353 432 4437 septiformi
455 4374 516 4439 pre
538 4379 671 4422 munere

254 4459 424 4539 elegerunt
445 4463 477 4525 in
501 4462 615 4526 ordine
838 4467 878 4530 10
931 4470 993 4550 Qui
1013 4472 1047 4536 in
1069 4473 1161 4537 vultu
1183 4473 1350 4556 engelieo¹

253 4570 377 4644 septem
400 4566 489 4628 viros
514 4567 662 4649 apostoli.
929 4575 1020 4638 fonte
1043 4575 1187 4658 repletus
1210 4574 1369 4658 mystico,

253 4683 389 4748 quorum
411 4686 492 4732 unus
514 4669 669 4736 mirabilis
930 4684 966 4742 ut
988 4681 1066 4745 tuba
1088 4685 1183 4744 sonat
1206 4677 1335 4742 duetilis
1623 4697 1624 4756 l
