3294 5322
544 783 651 856 1072.
688 784 746 854 De
773 798 800 854 s.
826 781 983 857 Martiae
1000 783 1253 880 (troparium).

245 1023 274 1085 1.
290 1091 293 1097 ,
307 1017 521 1086 Sauerdotem
544 1019 664 1086 Christi

309 1123 484 1188 Martinum

311 1233 428 1291 cuneta
449 1246 510 1310 per
533 1227 645 1291 orbem
669 1231 763 1289 canat

309 1328 450 1394 eeclesia

308 1430 400 1513 panis
423 1429 610 1512 catholioae,
849 1431 868 1490 5

308 1563 419 1649 Atque
442 1565 527 1629 illius
549 1581 667 1629 nomen

308 1669 411 1732 omnis
432 1667 607 1732 haeretious

308 1769 412 1851 fugiat
434 1767 583 1853 pallidus.

196 1977 199 1988 ’
243 1961 273 2023 2.
305 1959 473 2024 Pannonia
495 1959 624 2022 laetetur
647 1957 788 2039 genitrix

184 2129 186 2132 ,
308 2063 383 2127 talis
405 2061 479 2143 filii,
556 2113 559 2119 .

307 2199 402 2266 ltalia
424 2167 547 2262 exultet
570 2198 678 2262 alitrix

308 2303 389 2366 tanti
406 2302 555 2386 juvenis,

242 2491 272 2556 e.
300 2455 347 2558 he
370 2489 484 2554 uallis
507 2491 591 2554 ema
615 2489 731 2554 divisio

266 2597 281 2630 ·'
307 2612 402 2660 sauro
425 2601 529 2659 uertet
550 2593 670 2676 litigio,

307 2699 399 2782 eujus
423 2716 496 2761 esse
520 2697 638 2762 debeat
660 2696 797 2780 praesul,
826 2696 865 2759 15

306 2831 372 2898 Sed
396 2832 520 2916 pariter
542 2832 665 2896 habere
688 2852 725 2896 se
739 2839 865 2914 patrem

307 2956 418 3002 omnes
438 2936 616 3021 gaudeant,
641 2936 762 3001 'l'uroni

306 3043 368 3107 soli
392 3043 465 3126 ejus
488 3060 608 3147 eorpus
630 3042 792 3113 foveant..

239 3225 269 3287 4.
300 3223 383 3288 Huio
407 3221 609 3289 Franoorum

304 3335 401 3410 atque
425 3325 606 3392 Germaniae
822 3327 864 3390 20

304 3433 399 3516 plebs
422 3434 525 3496 omnis
547 3431 698 3516 plaudat,

302 3569 424 3648 Quibus
447 3569 621 3635 videndum

301 3673 426 3736 invexit
448 3671 609 3736 dominum

301 3776 334 3839 in
358 3796 418 3840 sue
439 3782 541 3838 veste.

235 3941 266 4004 5.
298 3939 359 4005 Hie
383 3939 521 4005 eelebris
546 3946 597 4002 est

301 4038 451 4123 Aegypti
473 4041 637 4124 patribus,
679 4097 685 4112 ,

302 4143 439 4207 Graeoiae
463 4161 591 4226 quoque

301 4246 425 4308 eunetis
447 4247 654 4329 sapientibus

301 4377 362 4456 Qui
384 4382 524 4465 impares
547 4403 584 4449 se
697 4432 698 4435 ,

300 4482 432 4548 Martini
455 4489 576 4552 meritis
818 4492 858 4556 30

300 4589 440 4652 sentiunt
462 4597 559 4673 atque

301 4691 372 4774 ejus
394 4693 605 4759 medicamini.

922 1023 953 1085 6.
984 1020 1065 1086 Nam
1088 1022 1199 1086 febres
1223 1021 1317 1086 sedat
1407 1019 1410 1025 ’

987 1124 1216 1208 daemonesque
1239 1126 1347 1210 lugat,

986 1231 1170 1313 paralytica
1511 1233 1557 1296 35

986 1337 1131 1400 membra
1153 1336 1309 1418 glutiunt3

987 1470 1030 1535 Et
1052 1479 1250 1537 mortuorum
1299 1548 1301 1552 Ι

986 1594 1044 1638 sua
1067 1593 1166 1657 prece
1190 1575 1285 1638 trium

986 1675 1093 1740 reddit
1116 1694 1258 1759 corpora

985 1781 1062 1843 vitae
1084 1781 1241 1863 pristinae.

920 1999 949 2060 7.
981 1995 1042 2060 llio
1063 1996 1143 2060 ritus
1167 1996 1347 2080 sacrilegos

986 2097 1122 2162 destruit

985 2200 1083 2266 etad
1107 2199 1228 2264 Christi
1250 2203 1388 2284 gloriam

985 2305 1041 2370 dat
1062 2305 1192 2388 ignibus
1214 2305 1310 2369 idola.

982 2443 1043 2508 Hie
1066 2442 1159 2508 nudis
1182 2445 1339 2527 mysteria
1505 2447 1548 2508 45

982 2549 1125 2614 brachiis

984 2639 1159 2715 oonfioiens
1181 2650 1337 2734 praeditus

984 2763 1034 2819 est
1057 2755 1181 2819 eoelesti
1203 2755 1329 2819 lumine.

917 2971 947 3033 8.
979 2968 1040 3033 Hie
1062 2969 1164 3034 oeulis
1187 2988 1226 3034 ao
1248 2970 1396 3034 manibus

985 3072 1016 3135 in
1041 3071 1155 3134 eoelum
1179 3079 1211 3134 et
1235 3071 1309 3135 totis
1332 3066 1456 3136 viribus
1503 3073 1546 3136 50

984 3195 1161 3258 suspensus

983 3287 1114 3344 terrena
1137 3285 1254 3344 cuneta
1276 3279 1408 3361 respuit.

982 3417 1064 3501 Ejus
1088 3419 1137 3483 ori
1159 3438 1320 3501 nunquam
1344 3417 1493 3484 Christus

983 3521 1085 3584 abfuit
1108 3522 1177 3583 sive
1195 3519 1337 3602 justitia,

981 3625 1036 3688 vel
1059 3623 1212 3707 quiequid
1501 3625 1543 3686 55

983 3728 1025 3792 ad
1047 3749 1159 3792 veram
1181 3730 1280 3792 vitam
1304 3730 1454 3811 pertinet.

820 3943 861 4005 25
916 3945 945 4008 9.
974 3942 1076 4024 Igitur
1098 3950 1131 4007 te
1154 3907 1260 4007 euneti
1282 3941 1464 4024 possimus,

982 4067 1001 4113 o
1024 4049 1180 4132 Martiae,

979 4159 1014 4215 ut
1036 4153 1090 4234 qui
1112 4152 1213 4215 multa
1257 4221 1259 4227 ,

979 4255 1060 4318 mira
1082 4254 1135 4318 hie
1158 4253 1346 4334 ostendisti,
1500 4255 1542 4318 60

980 4400 1085 4468 Etiam
1108 4401 1149 4466 de
1172 4402 1255 4466 eoelo
1279 4399 1417 4484 gratiam

980 4501 1102 4567 Christi
1123 4503 1218 4570 nobis

979 4606 1163 4691 supplicatu

980 4718 1034 4774 tuo
1058 4729 1186 4794 semper
1208 4709 1367 4773 infundes.
