3310 5316
127 513 219 578 Potes
242 513 325 578 enim
346 515 520 597 impetrare
797 525 850 588 fao
873 541 933 588 nos
956 539 1037 604 ergo
1061 541 1265 605 conregnare

127 616 274 698 quidquid
297 617 360 697 vis,
384 618 540 697 nobisque
565 615 644 679 dare
797 635 894 708 atque
918 635 1024 691 tecum
1048 626 1269 709 contemplare

165 740 223 803 per
247 729 334 785 tuam
357 729 502 786 sanctam
525 721 639 784 filiam:
704 725 743 783 15
784 737 785 742 ’
843 727 984 791 ooelestis
1007 727 1119 811 templi
1142 726 1290 809 gloriam.

210 903 414 977 Strassburger
433 907 478 962 lls.
498 908 529 962 E.
548 911 609 965 135.
627 911 669 964 Bl.
689 911 731 966 78.
751 912 801 966 des
820 915 853 968 15
872 913 969 969 Jahrb.

214 1030 246 1082 12
267 1028 324 1083 loci
342 1009 474 1097 fluminis,
493 1031 541 1084 lls.

605 1353 691 1425 802.
731 1355 788 1426 De
817 1352 948 1424 eadem.

127 1581 236 1664 Anna,
260 1595 365 1650 mater
389 1607 566 1673 generosa,
803 1591 848 1656 sis
870 1609 931 1675 pro
954 1591 1047 1655 nobi·
1071 1609 1200 1673 semper
1221 1591 1277 1673 pia
1388 1591 1427 1652 15

169 1687 220 1753 diu
245 1690 339 1773 prole
363 1693 508 1774 caruisti,
844 1701 877 1764 in
899 1700 1052 1764 extremis
1076 1698 1187 1763 mortis
1210 1697 1310 1761 horis.

127 1789 182 1853 sed
205 1793 367 1874 prooessit
391 1813 432 1856 ex
455 1803 488 1857 te
509 1813 587 1859 rosa

168 1895 253 1959 unde
279 1896 425 1978 gaudens
448 1900 592 1964 extitisti.
801 1887 899 1954 Anna
922 1896 1025 1953 mater
1047 1888 1149 1971 prolis
1173 1886 1281 1969 dignae

846 1991 1019 2071 utrobique
1042 1995 1233 2068 veneretur,

127 2079 242 2147 Rosam
266 2102 386 2149 novam
410 2095 443 2151 et
465 2097 646 2172 recentem,
730 2093 749 2154 5
804 2095 936 2178 dignum
959 2101 1087 2159 oonstat
1110 2101 1144 2156 et
1165 2093 1307 2174 insigne,

167 2185 265 2253 Anna
290 2198 418 2274 saneta,
441 2194 615 2276 peperisti,
845 2206 882 2261 ut
903 2197 973 2260 laus
996 2195 1044 2258 illi
1065 2213 1194 2278 semper
1218 2192 1319 2257 detur.
1387 2192 1429 2254 20

126 2288 234 2353 floram
258 2312 374 2374 purum
397 2301 432 2356 et
453 2293 624 2358 decentem

168 2401 201 2457 tu
223 2393 255 2457 in
279 2393 430 2459 mundum
453 2398 623 2479 protulisti.
804 2385 852 2452 Ob
876 2386 1032 2450 h0¹¹⁰r⁰11¹
1055 2385 1167 2448 mallis
1192 2383 1245 2446 dei

763 2517 764 2520 ¹
848 2488 920 2571 ejus
943 2493 1079 2550 matrem
1101 2505 1311 2567 veneremur,

126 2580 212 2648 llosa
235 2603 370 2667 reeens,
394 2585 455 2650 llos
479 2585 623 2670 decoris,
665 2655 668 2660 ,
803 2591 893 2654 utin
916 2590 1000 2653 ooelo
1024 2589 1148 2671 requiei

168 2686 243 2750 andi
265 2705 384 2769 preces
406 2688 611 2771 miserorum,
711 2692 750 2754 10
848 2691 1108 2758 commendemur
1132 2700 1165 2755 et
1187 2691 1334 2755 ditemur.

23 2783 25 2810 ⁵
126 2788 157 2852 in
178 2791 347 2854 tormentis
370 2811 411 2855 ne
434 2792 581 2857 moeroris

168 2893 357 2966 cruciemur,
372 2893 578 2959 infernorum,
804 2880 921 2948 Ambae
943 2892 1063 2947 matres
1087 2901 1203 2967 preces
1219 2879 1363 2964 fundant,
1383 2883 1428 2981 ‚²⁵

848 2994 884 3050 ut
905 3007 924 3049 a
947 2985 1039 3048 malis
1062 3004 1233 3062 eruamur,

126 3081 249 3148 Nomen
274 3083 363 3147 floris
387 3092 438 3148 ost
459 3085 582 3167 Maria,
805 3089 859 3153 ubi
880 3089 966 3153 laetae
989 3107 1118 3171 semper
1140 3095 1296 3169 regnant,

169 3195 275 3250 mater
298 3185 419 3249 Ghristi
442 3187 629 3269 salvatoris,
850 3192 927 3257 illue
950 3209 1010 3255 nos
1034 3189 1067 3254 et'
1089 3190 1313 3274 perducamur.

216 3372 422 3442 Strassbnrger
440 3371 487 3424 lls.
506 3370 536 3424 Ε.
557 3372 616 3424 135.
636 3371 680 3424 Bl.
697 3337 742 3426 lt.

212 3497 248 3548 25
268 3494 359 3563 ambo,
378 3493 425 3548 lls.
466 3497 501 3548 tt
519 3495 629 3564 ubique,
648 3495 695 3549 lls.

593 3870 679 3942 803.
712 3869 770 3942 De
797 3892 824 3938 s.
852 3869 968 3940 Anna.

129 4111 256 4180 Assunt
277 4113 386 4180 Annae
409 4071 617 4197 sollemnia,·
665 4160 670 4165 -
806 4115 912 4178 lllaria
934 4115 1009 4178 hino
1031 4113 1216 4196 egreditur,

129 4217 200 4282 haec
224 4219 319 4282 nobis
343 4218 421 4281 dant
443 4217 573 4298 solatia,
807 4218 926 4280 mundo
950 4217 1038 4281 salus
1062 4217 1247 4301 porrigitur.

129 4339 202 4382 nam
227 4319 320 4382 nobis
345 4319 417 4401 ejus
441 4318 508 4382 filia

130 4423 241 4488 inolita
264 4423 335 4488 tulit
358 4423 486 4505 gaudia.
810 4403 918 4469 ΑΜ
940 4412 1017 4468 nata
1040 4404 1184 4485 eligitur,

808 4507 893 4571 hano
916 4507 1052 4588 angelus
1077 4507 1265 4588 alloquitur,
1395 4504 1435 4568 10

130 4608 239 4678 Alvus
261 4609 369 4676 Annae
393 4589 610 4692 concluditur,
736 4612 755 4671 5
810 4609 920 4672 divina
941 4629 996 4673 res
1018 4609 1196 4674 infunditur

131 4713 283 4779 divinitus
306 4714 366 4781 sed
386 4714 538 4795 solvitur,
810 4711 901 4776 lesus
924 4712 1063 4796 posthae
1084 4714 1237 4777 nascitur.
