3332 5318
1393 331 1439 396 ot

128 509 189 578 Isti
212 507 293 574 Sion
316 510 541 602 fundamenta,
814 512 876 590 oui
899 513 974 580 dum
996 511 1109 580 nome
1133 512 1252 580 docent
1273 533 1395 600 mores,

129 616 246 694 bases,
269 619 366 697 tecta,
389 615 575 681 fulcimenta
812 616 961 699 plantant
982 615 1080 680 fidem
1105 623 1139 680 et
1160 635 1291 682 errores
1395 619 1438 682 20

177 715 310 780 archam
332 726 466 799 portant
487 720 629 786 foedcris.
856 719 1034 786 excludunt
1057 719 1243 803 gentilium,

129 817 247 884 Petrus
269 819 391 901 primus
412 821 612 904 principatu,
721 825 760 886 10
811 823 945 887 vincunt
966 839 1081 904 magos
1104 829 1138 885 et
1158 821 1299 886 Neronis

130 919 216 984 alter
239 920 360 985 Paulus
381 923 575 1004 magistratu
811 942 873 988 nec
897 925 1075 988 abhorrent
1097 923 1260 1007 passionis

174 1023 332 1106 effulgent
353 1043 424 1109 prae
447 1031 575 1093 ceteris.
855 1035 889 1091 et
910 1028 1022 1090 mortis
1046 1027 1247 1110 supplicium.

131 1239 174 1305 Hi
197 1245 272 1303 sunt
294 1241 407 1304 summi
429 1241 622 1323 bellatores,
811 1241 901 1324 Ergo
925 1260 984 1305 nos
1007 1242 1040 1304 in
1064 1240 1195 1305 Christo
1221 1240 1319 1323 duce,
1396 1241 1438 1303 25

131 1342 234 1406 duces
257 1343 370 1423 gregis
393 1350 427 1405 et
450 1342 620 1426 doctores,
811 1345 901 1409 tuin
926 1363 1021 1426 ense,
1044 1344 1134 1408 tuin
1158 1363 1255 1408 cruce

174 1445 286 1509 claves
309 1447 498 1528 sanctuarii,
718 1448 758 1509 15
855 1448 973 1512 ardore
995 1448 1144 1532 martyrii

130 1565 262 1629 cruceS,
286 1549 397 1611 trabes
420 1549 639 1631 cypressinae,
810 1572 872 1618 nos
896 1553 939 1617 ad
962 1572 1091 1618 crucem
1113 1551 1333 1633 inflammetis,

130 1669 230 1732 saga,
252 1650 357 1732 pelles
380 1660 414 1715 et
437 1654 585 1735 cortinae,
810 1655 905 1719 nobis
925 1673 1050 1718 coenam
1071 1653 1251 1736 impetretis

128 1757 130 1760 ’
173 1761 288 1818 vectes
312 1757 484 1837 evangelii.
855 1757 996 1822 coelestis
1020 1755 1170 1821 convivii.
1395 1754 1437 1818 30

221 2005 270 2060 Ηε.
303 2006 352 2060 (les
379 2006 511 2060 Klosters
538 2006 700 2078 Engelberg
730 2007 758 2061 in
782 2007 986 2064 Unterwalden
1009 2008 1021 2064 l
1044 2009 1106 2080 isat
1138 2005 1190 2062 fol.
1219 2009 1263 2061 33.
1294 2022 1345 2061 aus
1376 2006 1437 2060 dem

129 2096 165 2146 lt
183 2093 282 2148 Jahrh.
300 2094 350 2148 mit
364 2094 414 2148 der
433 2093 563 2148 Melodie.

219 2268 237 2320 3
256 2266 401 2322 vielleicht
418 2267 517 2323 besser
535 2271 694 2322 nascuntur.
730 2267 764 2320 23
783 2265 944 2337 passiones,
962 2265 1011 2320 Hs.

216 2439 250 2494 V.
268 2421 367 2508 '1-3.
389 2436 503 2514 ε’ρηοὶται
530 2435 557 2494 6ι
582 2435 746 2511 ἀπόστολοι,
776 2435 866 2492 πάντα
899 2434 1003 2510 κόσμον
1032 2440 1104 2510 θείῳ
1127 2435 1199 2511 λόγῳ
1224 2437 1436 2514 γεωργήσοντες.

129 2527 253 2582 Trioda'oa
272 2526 326 2596 00,
345 2527 371 2579 6.
407 2527 436 2580 S.
456 2526 509 2580 No.
526 2527 587 2595 237,
605 2526 648 2580 2⁰.

217 2640 249 2693 V.
269 2641 294 2693 6.
322 2638 365 2694 διὸ
389 2643 434 2695 καί
459 2639 543 2712 Ῥώμη
570 2645 716 2718 σοηχαίρει
740 2635 911 2716 χορεύουσα,
942 2637 970 2692 ἐν
985 2635 1070 2710 ᾠδαῖς
1088 2640 1133 2691 καὶ
1151 2636 1247 2708 ὕμνοις
1265 2635 1436 2712 ἑορτάσωμεν

127 2731 174 2782 καὶ
191 2722 278 2798 ἡμεῖς.
296 2726 357 2782 Jun.
376 2729 418 2782 29.
448 2771 452 2776 .
797 2735 799 2740 '
922 2725 928 2732 ’
1394 2725 1396 2730 ’

221 2840 255 2894 V.
274 2844 299 2894 7.
327 2838 515 2896 fundamenta.
543 2842 644 2896 Petrus
663 2840 727 2895 ideo
742 2838 948 2895 fundamentum
964 2839 1074 2908 dicitur,
1093 2838 1158 2908 quia
1175 2839 1256 2901 norit
1274 2855 1330 2894 non
1344 2839 1436 2894 solum

126 2927 290 2998 proprium,
313 2927 464 2982 sedetiam
482 2943 625 2982 commune
644 2943 767 2982 servare.
796 2927 913 2980 Antinoe.
932 2927 967 2980 (le
985 2926 1092 2980 incarn.
1111 2925 1184 2979 dom.
1202 2927 1227 2979 Ιι.
1263 2929 1370 3001 Πέτρος
1388 2925 1436 2997 τῆς

126 3017 270 3086 ἐκκλησίας
297 3018 419 3089 ἔρεισμα.
447 3017 556 3086 (ἕτερον.
573 3017 638 3071 Νοε.
664 3020 737 3071 orat
761 3019 787 3068 7.
811 3031 839 3085 p.
862 3017 921 3068 142.
958 3001 1139 3085 chrysost-in
1156 3013 1254 3069 llattln
1273 3015 1345 3070 hom.
1365 3017 1390 3084 3,
1410 3015 1436 3068 6.

128 3106 239 3178 Πέτρος
257 3105 359 3177 ἐλεηεν·
377 3105 476 3170 ἔξελθε
494 3104 542 3158 ἀπ’
560 3101 636 3174 ἐμοῦ,
656 3100 697 3159 ὅτι
716 3099 784 3177 ἀνὴρ
804 3099 966 3176 ἁμαρτωλός
984 3104 1056 3172 εἰμι·
1076 3100 1124 3156 διὰ
1142 3099 1221 3156 τοῦτο
1241 3103 1371 3173 θεμέλιος
1388 3099 1436 3172 τῆς

127 3193 271 3262 ἐκκλησίας
288 3194 389 3264 μέμονε.
413 3193 478 3248 Jun.
496 3194 539 3246 29.
557 3190 605 3264 τῆς
623 3191 763 3262 ἐκκλησίας
781 3193 808 3246 οί
826 3187 939 3260 ἀληθεῖς
961 3188 1055 3246 στύλοι
1073 3193 1118 3244 καὶ
1136 3187 1238 3262 βάσεις.
1460 3253 1463 3258 Ι

218 3304 252 3358 V.
269 3305 294 3360 8.
320 3305 421 3360 Ennod.
446 3305 509 3360 dict.
534 3309 551 3359 2
575 3323 602 3375 p.
629 3307 698 3360 1052
724 3305 764 3360 etl
789 3304 929 3360 Sirmond.
953 3307 1003 3359 hat
1028 3305 1071 3358 die
1095 3303 1436 3358 trefflichezusammen·

126 3391 267 3462 stellung:
304 3393 502 3461 apostolorum
520 3393 679 3448 diademata
696 3393 799 3447 Petrus
819 3397 848 3446 et
866 3391 986 3459 Paulus,
1011 3390 1182 3445 architectus
1201 3395 1230 3444 ct
1241 3395 1342 3460 ¹petra,
1361 3388 1436 3458 lapis

129 3485 160 3536 et
179 3477 425 3551 superaedificans,
444 3479 651 3536 fundamentum
669 3486 698 3535 et
717 3476 820 3552 opifex.
923 3501 940 3531 a

214 3593 247 3646 V.
267 3594 309 3646 10.
339 3591 355 3646 ὁ
374 3593 424 3663 μὲν
438 3591 475 3653 οἱς
490 3588 649 3646 ἀποστόλων
661 3587 851 3666 προεξάρχων,
871 3587 886 3644 o‘
905 3589 936 3644 δὲ
955 3587 993 3650 ὥς
1010 3587 1081 3664 ὑπὲρ
1099 3586 1163 3650 τοὺς
1179 3583 1435 3669 αλλουςκοτιιολσας.

124 3681 190 3736 Jnu.
208 3681 252 3734 29.

216 3792 250 3846 V.
270 3795 311 3846 11.
339 3792 509 3863 magistratu
527 3789 574 3846 fiir
591 3791 772 3862 magisterio,
798 3791 847 3844 des
865 3791 975 3845 Reimea
994 3805 1102 3860 wegen.

215 3904 247 3960 V.
268 3909 309 3960 13.
336 3906 507 3974 bellatores,
532 3904 581 3961 fuir
599 3905 717 3974 milites,
744 3908 817 3960 nach
840 3910 857 3961 2
877 3906 995 3961 Timoth.
1013 3909 1039 3973 2,
1058 3908 1083 3960 3.
1128 3904 1190 3960 lloc
1209 3908 1334 3958 estesse
1353 3901 1436 3956 disci·

124 3991 224 4064 pulum
242 3992 302 4062 dei,
326 3994 381 4048 hoc
400 3998 444 4048 est
461 3992 577 4048 militem
597 3993 716 4061 Christi,
741 4009 822 4064 quem
841 3993 935 4048 nullus
954 3993 1046 4050 hostis
1065 3994 1220 4064 expugnet,
1238 3990 1332 4044 nullus
1350 3989 1433 4059 lupus

123 4082 160 4136 de
180 4081 282 4137 castris
301 4081 464 4137 coelestibus
483 4080 585 4151 rapiat.
621 4081 738 4135 λσιλοιιλ.
756 4079 790 4134 de
808 4086 890 4137 mort
908 4096 1016 4151 perseo.
1036 4080 1077 4133 16.

216 4193 247 4248 V.
268 4195 314 4248 19..
341 4194 446 4251 Romae.
483 4191 572 4249 Daliir
600 4193 661 4246 eine
680 4193 770 4248 Stelle
795 4210 861 4251 vom
884 4189 1033 4250 Jahr'aoo
1057 4194 1095 4248 im
1114 4193 1261 4246 Τοιίιιὶίίοο.
1279 4191 1342 4246 adv.
1360 4191 1434 4246 llar-

124 4283 199 4339 cion.
218 4286 244 4353 l,
263 4287 287 4338 5.
321 4283 455 4338 Romanis
484 4281 663 4354 evangelium
691 4287 720 4336 et
746 4282 848 4339 Petrus
876 4290 905 4339 et
932 4283 1054 4353 Paulus,
1087 4283 1222 4354 sanguine
1246 4294 1356 4350 quoque
1381 4293 1433 4331 suo

123 4371 281 4443 signatum,
300 4370 481 4441 reliquerunt.
517 4371 592 4442 idem
608 4370 637 4423 in
655 4370 810 4440 praescript.
830 4372 927 4425 haeret.
947 4373 989 4425 36.
1008 4372 1096 4426 habes
1108 4371 1261 4425 Romanam
1276 4364 1436 4431 ecclesiam,

124 4457 199 4512 undo
213 4457 297 4513 nobis
310 4473 422 4527 quoque
432 4461 572 4512 amurcae
583 4461 680 4526 presto
693 4461 730 4512 eat
743 4461 843 4512 είοίαίσ
872 4456 941 4513 felix
955 4457 1084 4524 ecclesia,
1104 4457 1149 4511 cui
1166 4461 1255 4512 totam
1274 4452 1432 4508 doctrinam

122 4544 254 4615 apostoli
278 4559 340 4599 cum
365 4544 502 4616 sanguine
527 4559 578 4600 suo
602 4541 805 4615 profuderunt,
834 4544 882 4599 ubi
906 4545 1006 4600 Petrus
1031 4544 1158 4614 passioni
1184 4541 1333 4598 dominicae
1358 4539 1439 4600 ailae·¹

122 4637 247 4702 quatur,
275 4631 327 4686 ubi
352 4631 458 4686 Paulus
486 4630 623 4686 tanarum
651 4629 732 4698 (scil.
751 4630 905 4704 baptistae)
947 4632 1024 4686 exitu
1053 4633 1216 4685 coronatur.
1250 4628 1366 4684 Amicos.
1398 4621 1433 4676 ile

119 4735 243 4775 sacram.
261 4721 288 4789 3,
308 4721 333 4772 1.
370 4718 471 4773 Petrus
489 4718 637 4789 apostolus
656 4717 791 4771 sacerdos
811 4714 866 4774 fuit
883 4717 1012 4774 eeclesiae
1029 4718 1170 4774 Romanae.
