3332 5318
206 527 286 596 (ium
309 527 539 594 mundanarum
886 532 975 598 Talis
998 540 1049 600 est
1071 535 1196 602 huotus

207 651 356 698 ourarum
379 630 488 696 vincla
511 632 670 717 deposuit.
726 633 766 696 to
884 639 1085 721 poenitentiae

885 749 920 806 et
942 744 1059 826 gratiae
1081 745 1192 830 lapsos
1214 745 1410 826 relevantis‚

138 822 171 885 3.
203 819 447 886 Misericordiam

205 941 290 988 nuno
313 929 346 986 et
366 923 399 986 in
424 930 581 989 aeternum
708 929 711 936 ’
803 893 808 898 ’
887 895 939 963 Ao
960 901 1152 984 publioanos
1401 900 1444 965 40

206 1033 370 1092 cantemus
395 1028 481 1110 patri
885 1005 1135 1068 ⁰11¹102081111i11⁸

205 1129 513 1214 miserioffldiamm,
885 1106 1036 1189 exemplo
1059 1107 1102 1171 ad
1124 1126 1161 1172 se
1184 1108 1379 1174 revocantis.

206 1249 295 1332 Inter
318 1270 485 1352 apostolos
726 1274 767 1335 15

206 1380 240 1436 et
262 1375 482 1456 evangelistas

207 1476 263 1557 qui
285 1476 407 1541 locavit

208 1597 399 1645 conversum
422 1583 635 1665 publicanum.
884 1577 929 1644 Ut
951 1580 1065 1643 suimet
1086 1600 1148 1663 per
1170 1579 1353 1665 exemplum
1402 1583 1445 1646 45

884 1685 1032 1749 misereri
1055 1685 1136 1749 sciat
1159 1701 1400 1749 conservorum.

819 1323 848 1388 6.
879 1319 940 1388 Est
961 1324 1079 1388 etenim
1101 1342 1196 1389 omne
1220 1323 1363 1389 debitum

884 1425 927 1489 ad
950 1424 1013 1490 hoo
1035 1443 1134 1490 servo
1153 1446 1174 1490 a
1191 1425 1255 1490 deo
1270 1425 1444 1509 dimissum,

140 1771 172 1834 4.
205 1766 333 1834 Clarior
354 1769 439 1834 iaoie
461 1769 572 1854 Moysi

205 1872 410 1956 resplenduit
427 1873 529 1939 iacies
545 1875 702 1959 Matthaei,
726 1877 768 1940 20
885 1841 968 1908 ffi¹¹⁰
987 1842 1079 1905 vultu
1101 1840 1243 1925 Pf⁰l³ifi⁰

806 2001 808 2010 ,
884 1946 1024 2010 humana
1045 1945 1130 2010 faeie
1152 1944 1330 2028 praefulget

885 2048 919 2111 in
941 2048 1032 2112 eoelis
1050 2047 1148 2130 juxta
1170 2047 1321 2112 thronum

885 2169 1018 2216 summa
1040 2151 1176 2233 gratiae,
1404 2149 1447 2213 50

208 2012 291 2079 Nam
313 2014 397 2080 liber
419 2018 639 2099 generationis

209 2115 330 2183 Christi
344 2119 464 2184 olarior
479 2128 530 2184 est
543 2120 626 2186 libro
645 2119 768 2202 genesi

207 2251 336 2323 Biduo
360 2257 538 2322 consistunt
560 2257 593 2321 in
616 2258 733 2340 eapite,

205 2361 328 2426 veteris
349 2360 405 2425 ille
428 2360 481 2426 hio
502 2380 598 2425 novae

208 2466 393 2550 scripturae,
431 2464 490 2528 sed
517 2465 573 2528 ille
596 2465 769 2545 antiquam,

461 2645 467 2658 ,
505 2567 560 2633 hio
726 2569 768 2630 25

207 2687 326 2734 novam
349 2669 462 2734 scribit
484 2669 719 2752 genealogiam.

886 2306 958 2385 Qua
978 2306 1050 2388 leo,
1073 2307 1149 2389 hos,
1173 2305 1280 2387 aquila

885 2411 978 2474 vultu
999 2409 1146 2474 horribili
1167 2417 1419 2493 praemonstrant

887 2515 1038 2580 virtutem
1061 2513 1243 2578 divinorum

885 2613 1082 2682 terribilium.

207 2807 349 2874 Proinde
370 2814 491 2890 quanta
515 2815 565 2872 est
588 2807 741 2874 distantia
821 2837 852 2900 7,
883 2830 936 2900 A„
959 2840 1008 2916 tu,
1031 2831 1204 2915 matthaee,
1406 2835 1448 2899 55

207 2913 292 2976 inter
315 2912 548 2996 8(ῧῐλΡῑῑΠῖὶΥΠΠι
889 2937 998 3004 oordis
1021 2945 1055 3002 et
1076 2939 1184 3003 vultus
1208 2938 1340 3004 humani

206 3015 367 3100 prinoipia
390 3016 531 3097 antiquae
554 3022 587 3078 et
610 3033 716 3096 novae,
886 3045 1020 3128 plagam
1042 3043 1174 3125 generis
1198 3042 1329 3109 1111111111

208 3125 299 3182 tanta
351 3125 402 3182 est
452 3119 486 3182 in
529 3118 687 3183 Matthaeo
737 3125 771 3182 et
893 3184 895 3187 ,

507 3221 634 3305 Moyse·
727 3224 770 3288 30
888 3195 1041 3261 Clemens
1063 3203 1230 3281 respecta,

890 3299 984 3363 simul
1006 3306 1039 3363 et
1060 3299 1202 3383 pleniter
1224 3316 1319 3378 oura,

140 3415 173 3477 ὅ.
205 3410 286 3476 Haeo
308 3418 359 3475 est
380 3412 528 3490 mutatio,
888 3402 1048 3465 sicut'tua
1070 3407 1122 3464 est
1143 3406 1271 3481 curata,
1408 3401 1451 3464 60

210 3535 306 3599 quam
328 3524 483 3599 operatur
506 3515 629 3581 excelsi
832 3535 837 3538 ·
890 3551 960 3630 Quo
983 3560 1037 3617 1110
1061 3552 1137 3618 freti

207 3618 365 3703 Psi¹¹⁰illi⁸
388 3617 540 3699 denerat
889 3657 1009 3721 auxilio
1032 3677 1093 3740 per
1116 3654 1278 3722 Christum

210 3754 336 3838 Legem
359 3757 414 3839 qui
436 3756 591 3840 dederat,
889 3760 937 3826 sio
959 3777 1110 3824 sanemur

108 3929 112 3935 ,
209 3879 294 3924 nuno
317 3861 606 3943 evangelizatura
729 3863 771 3924 35
890 3863 1077 3945 apeooatis
1101 3863 1265 3948 omnibus,

208 3963 293 4046 legis
315 3972 571 4048 transgressore.
889 3974 924 4030 ut
947 3975 979 4030 te
1002 3975 1149 4033 sanatum
1171 3968 1340 4033 oredimus.
1379 3951 1383 3958 ¹
1408 3970 1449 4034 65

231 4148 279 4204 Ηε.
299 4165 335 4203 nu
354 4148 439 4205 Grata
457 4149 527 4221 tato.
547 4152 580 4204 12
599 4149 697 4204 Jahrh
715 4150 766 4205 mit
783 4151 914 4206 Neomen.

233 4271 251 4325 9
268 4271 439 4342 mundarum,
458 4272 506 4326 Hs.
547 4273 582 4326 to
600 4277 629 4328 et
647 4269 694 4327 fiir
713 4277 754 4344 ut²
770 4273 820 4330 lis.

237 4392 272 4447 V.
292 4395 317 4448 9.
337 4395 380 4449 10.
407 4392 456 4466 τῆς
480 4392 651 4466 χαμαιζήλου
675 4397 813 4459 πολιτείας
837 4399 883 4451 καὶ
901 4395 983 4468 δόξης
1000 4394 1076 4468 κενῆς
1095 4393 1227 4468 ἀπέστης,
1259 4391 1451 4471 εὐαγγελιστὴς

142 4477 202 4537 ἀπὸ
220 4479 270 4536 τοῦ
287 4479 403 4538 τελώνου
420 4481 570 4555 γενόμενος.
589 4484 661 4539 Νον.
677 4484 719 4538 16.
745 4485 852 4546 τελείως
867 4487 1007 4548 κατέλιπες
1024 4482 1078 4540 τῶν
1097 4484 1222 4558 ἐπαχελων
1241 4483 1288 4556 τὴν
1306 4483 1450 4558 σύγχυσιν.

141 4569 211 4624 lbid
236 4568 283 4625 τὸν
301 4569 435 4644 χρυσὸν
453 4571 620 4645 καταλείψας
638 4568 676 4634 ὠς
694 4569 816 4643 ἀληθῶς,
835 4571 882 4628 τὸν
900 4572 1055 4650 Χριστὸν
1073 4573 1104 4628 dd
1122 4571 1256 4646 ποθήσας
1274 4569 1451 4646 φτλευσεβτῖς.

140 4658 214 4715 lbid.
249 4659 286 4713 Es
304 4659 343 4713 ist
361 4660 407 4714 ein
425 4659 593 4730 Wortspiel

232 4747 267 4801 V.
286 4749 330 4802 23.
357 4748 504 4819 incapite.
531 4747 675 4827 ὁπρῶτος
693 4748 742 4808 τοῦ
759 4749 884 4830 Χριστοῦ
901 4748 1059 4827 εὐαγγέλιον
1077 4750 1201 4831 γράψας.
1229 4751 1297 4809 lhid.

188 4867 275 4925 ποια,
289 4867 377 4916 ratem.
393 4869 518 4926 σταται.
538 4870 582 4918 111.
1221 4849 1243 4912 9
