3332 5318
574 721 660 794 691.
700 692 854 824 Andreae
880 699 1040 820 apostoli.

154 925 235 1010 Eja,
259 926 430 1007 carissimi,
592 985 595 992 ,
836 925 905 1003 Quo
928 927 987 990 luit
1008 929 1166 1010 pendulus

154 1027 270 1094 laudes
293 1027 437 1109 hymnite
835 1029 934 1094 biduo
957 1031 1068 1113 vivae,

155 1129 228 1211 regi
252 1129 395 1210 sidereo,
836 1131 973 1194 necdum
997 1133 1167 1199 destiterat

155 1232 286 1317 perpeti
309 1232 391 1312 dec,
446 1235 448 1242 ‘
836 1231 989 1314 dogmata
1011 1237 1082 1298 veri

156 1336 255 1418 digne
278 1341 499 1417 procurante.
621 1397 622 1400 ,
727 1385 731 1391 .
835 1334 1022 1416 impendere
1046 1337 1150 1420 plebi,

156 1439 277 1503 saccula
302 1446 425 1502 cuncta.
834 1438 949 1500 nolens
972 1440 1078 1502 avelli.

157 1629 221 1706 oui
244 1629 294 1695 bis
317 1650 377 1692 rex
400 1631 523 1712 socios,
553 1646 555 1653 ’
836 1630 968 1695 Huncce
991 1629 1229 1714 Myrmidonum

156 1732 275 1796 lamine
295 1733 419 1815 claros,
836 1736 953 1800 cultrix
976 1756 1121 1801 errorum

156 1842 177 1897 a'
198 1833 318 1898 mundo
340 1834 466 1899 sibimet
835 1839 931 1902 tellus
952 1835 1092 1920 Achaia,

156 1936 258 2021 elegit
281 1937 360 2020 isto,
446 2008 447 2014 χ
525 1945 529 1951 ’
835 1943 924 2006 fonte
948 1943 1085 2026 sancita,

156 2041 197 2104 de
222 2041 337 2123 quibus
360 2043 523 2122 magistris
835 2042 1027 2126 profitentur
1049 2053 1175 2127 patrem

155 2144 307 2209 crederet
330 2145 426 2208 orbis.
836 2155 932 2230 atque
956 2157 1142 2231 sequuntur.

155 2337 245 2401 Inter
269 2355 349 2418 quos
374 2339 521 2422 optimus,
836 2335 887 2400 sit
909 2339 995 2419 patri
1018 2339 1139 2421 gloria,

155 2439 221 2504 fide
245 2457 415 2518 corusouS,
587 2427 593 2438 ⁵
712 2471 714 2474 ·
806 2517 809 2520 .
834 2450 911 2504 nato
936 2439 1075 2525 corona,

153 2542 308 2608 Andreas
331 2547 440 2610 rutilat
573 2555 574 2560 ’
741 2551 795 2629 15Ι
835 2554 947 2610 saneto
970 2549 1096 2629 spiritui

154 2653 189 2709 et
211 2646 367 2729 tripudiat
536 2704 538 2707 .
707 2673 713 2698 r
834 2647 906 2711 laus
932 2646 1097 2712 indefessa

155 2753 327 2817 dominicae
351 2755 455 2818 crucis
540 2745 542 2749 Α
835 2752 1005 2816 saeclorum
1030 2753 1159 2815 domino
1416 2756 1458 2817 35

153 2857 269 2920 funere
292 2876 417 2941 passus,
627 2908 631 2912 .
834 2875 920 2920 nunc
942 2865 975 2920 et
996 2859 1028 2919 in
1052 2878 1165 2922 aevum.

244 3038 292 3093 lls.
313 3055 346 3091 nu
365 3039 393 3092 S.
411 3038 497 3093 Peter
515 3039 543 3093 in
562 3039 717 3112 salzburg,
736 3042 777 3108 V,
796 3044 838 3094 at.
858 3042 907 3094 des
928 3044 961 3093 12
978 3041 1076 3095 Jalrrh.
1113 3040 1163 3094 Die
1183 3040 1326 3109 Strophen
1345 3039 1408 3095 sind
1429 3040 1458 3094 in

153 3129 204 3182 der
223 3127 271 3180 lls.
294 3128 325 3180 in
349 3129 365 3182 3
384 3129 481 3182 Zeileu
499 3130 693 3198 geschriehen
709 3131 772 3192 ‚und
792 3131 916 3201 gehdren
937 3132 1025 3184 ihrem
1044 3131 1121 3184 Baue
1140 3131 1212 3184 nach
1237 3130 1265 3182 in
1285 3129 1335 3182 das
1354 3128 1371 3180 6
1390 3126 1483 3204 οᾶειῇ.

153 3219 170 3268 7
189 3215 288 3270 Jahrh.
1014 3223 1015 3226 ’

241 3322 255 3373 1
269 3318 419 3387 karissimi,
429 3320 477 3410 He,
487 3320 559 3374 uach
573 3321 646 3375 alter
652 3320 836 3391 Schneibuug.
855 3323 872 3374 2
885 3337 959 3392 ymn.
971 3322 1017 3375 lls.
1042 3323 1078 3375 30
1087 3326 1225 3388 secuntur,
1236 3321 1283 3374 lls.
1297 3320 1460 3374 alte.Form.·

447 3606 532 3678 692.
577 3606 635 3676 De
662 3569 968 3678 sancto‘Andrea.
1005 3604 1191 3705 hymnus„
1270 3625 1273 3631 '

152 3807 220 3892 Eja
242 3807 424 3890 fraterculi,
833 3807 982 3872 laudibus
1000 3809 1098 3892 justis
1206 3859 1216 3891 ¹.
1419 3811 1464 3876 10,

152 3911 220 3976 fide
243 3910 376 3993 repleti,
655 3936 658 3940 ·
716 3917 719 3920 '
769 3933 771 3938 ·
805 3919 807 3922 ’
834 3919 868 3975 ut
891 3912 988 3976 simus
1011 3912 1100 3994 digni
1122 3913 1219 3976 talem

153 4012 296 4096 apostoli
319 4011 441 4075 Christi
833 4017 976 4098 psallere
999 4025 1133 4099 patrem.

151 4117 239 4180 festa
262 4134 415 4180 canamus

151 4238 218 4284 110ss
241 4209 322 4283 sopp
344 4227 467 4284 tantum
489 4222 569 4304 oris,
832 4206 956 4290 Dignus
980 4209 1140 4288 constitit,
1161 4223 1259 4290 'quelli

152 4322 213 4386 sed
236 4321 361 4386 chorda
383 4322 501 4387 cordis
832 4311 912 4374 deus
937 4311 1065 4390 dilexit,
1461 4397 1464 4405 V

786 4485 789 4490 ,
832 4431 993 4479 revocans
1016 4415 1188 4480 distantem
1364 4445 1371 4466 ι
1418 4417 1458 4479 15

151 4515 271 4598 Imple,
295 4512 440 4595 Christe,
463 4516 571 4597 nobie,
832 4519 909 4581 lecit
928 4513 1103 4600 doctorem,

152 4615 242 4698 quod
265 4623 315 4678 est
336 4634 489 4698 vacuum,
834 4638 893 4683 nos
917 4620 977 4682 reti
1000 4619 1077 4682 fidei

152 4719 308 4802 operibus
333 4720 469 4802 sanctis,
564 4761 565 4764 =
829 4723 949 4805 jubens
974 4725 1104 4813 piscari.

925 4849 928 4854 .
1181 4823 1227 4888 7*
