3326 5322
184 275 268 346 ‘ssa
334 347 336 350 .

192 471 263 550 -Qni
284 478 319 538 te
341 469 511 538 convivam
534 469 655 558 saepius

194 575 316 642 babuit
338 581 372 639 et
393 575 532 639 alacrius

196 679 329 764 recepit
351 677 424 742 aede
446 678 596 762 propria,

201 781 395 847 ministravit
417 780 549 846 Martha
571 781 635 865 pia.

205 967 301 1034 Hunc
323 967 503 1049 suscitasti,
526 966 669 1048 domine,

205 1089 302 1138 sacro
324 1072 470 1155 spirante
492 1069 639 1152 flamine,

205 1194 305 1261 prece
328 1175 425 1259 ou'jun‘
444 1177 511 1240 nos¹
528 1175 624 1240 visita

205 1277 418 1361 visitatosque
441 1279 574 1344 suscita.

201 1465 269 1544 Qui
290 1464 405 1547 vitam,
428 1485 525 1548 quam
548 1466 687 1531 obtinuit

206 1566 352 1632 secundo
374 1586 538 1649 nunquam
562 1567 666 1630 timuit

296 1749 344 1806 Hs.
362 1767 397 1805 cu
417 1750 446 1806 S.
465 1749 538 1804 Paul
554 1734 589 1804 in
603 1745 734 1806 Kiirnten‘
748 1751 801 1808 No.

806 473 842 534 5.
883 486 945 554 pro
969 475 1025 537 tuo
1048 461 1143 534 sacro
1165 466 1294 532 nomine

882 571 1024 658 perdere
1047 573 1120 638 suso
1143 571 1309 655 sangnine.

884 759 932 827 0b
955 761 1020 825 hoo
1042 761 1147 844 ipsum
1170 767 1329 845 perpetuo

883 864 935 966 ¹vis
957 865 1055 962 pleno
1078 864 1142 928 frui
1164 862 1302 960 gaudio,

885 984 981 1048 quem
1003 963 1173 1029 ostendisti
1195 965 1337 1030 lacrimis

791 1072 831 1135 10
886 1067 1022 1133 amicum
1044 1067 1116 1132 fore
1139 1068 1285 1132 numinis.

886 1239 975 1322 Laus
997 1259 1082 1341 patri
1105 1259 1148 1322 sit
1170 1265 1203 1322 et
1224 1259 1335 1340 genito
1353 1281 1356 1288 ’
1442 1311 1446 1318 .

887 1359 988 1425 decus
1011 1368 1110 1442 atque
1128 1359 1304 1446 paraclito,

819 1549 821 1554 Ι
887 1466 1003 1529 beatus
1026 1481 1157 1546 quoquo
1178 1461 1325 1526 Lazarus

889 1573 962 1632 oret
984 1582 1045 1649 pro
1069 1567 1163 1632 nobis
1186 1568 1340 1634 omnibus.

821 1753 865 1809 sd.
884 1754 918 1806 15
936 1753 1033 1809 Jahrb.
1155 1741 1159 1750 ’

464 2084 573 2159 1028.
614 2085 673 2156 De
699 2110 726 2156 s
754 2085 981 2188 Leodegario
1009 2091 1252 2186 (troparium).

211 2311 242 2373 1.
274 2304 381 2373 Adest
403 2328 541 2392 namque
564 2309 635 2375 dies
658 2329 769 2394 sacra,

277 2412 446 2495 perlucida
475 2419 573 2494 atque
596 2413 837 2494 formosissima,

278 2519 394 2578 ornata
415 2510 594 2596 Lendgarii
618 2533 699 2579 uoce
723 2518 836 2598 sancti,

277 2672 339 2750 Qui
359 2673 497 2756 plurima
520 2675 726 2740 commiserat

275 2778 308 2840 in
330 2775 393 2840 hac
406 2778 483 2852 *vita
507 2777 620 2842 saeculi
636 2779 835 2861 mirandas

276 2878 413 2941 invictas
457 2895 587 2962 semper
640 2878 835 2944 effundendo

575 2999 701 3063 preces.

211 3169 243 3234 2.
275 3166 336 3248 Cui
357 3166 505 3235 obrutus
527 3172 666 3254 gratiam

277 3274 459 3341 contulerat
481 3291 546 3340 non
568 3273 743 3356 modicam,

276 3383 313 3440 ut
334 3377 495 3444 vincendo
517 3379 665 3445 vinceret

275 3478 436 3562 malignas
482 3481 578 3545 astuli
604 3480 746 3545 vfraudes
778 3499 835 3546 co·

795 3585 835 3648 1⁰
952 3593 1226 3659 libentersuffert

475 3665 483 3682 ·
577 3583 678 3664 lubri;

275 3740 338 3822 Qui
359 3753 436 3828 post
457 3747 590 3812 muitum
611 3745 792 3829 protectum

276 3847 406 3931 populis
428 3849 701 3933 proclamantibus
817 3915 819 3921 ,

275 3958 374 4033 atque
396 3952 650 4016 contestantibus

277 4049 321 4117 ad
353 4052 466 4117 sedem
498 4053 690 4137 provehitur
722 4065 833 4140 pasto·

575 4154 685 4220 nalem.

210 4342 241 4408 3.
273 4340 388 4409 Hicin
411 4336 537 4409 Aedua·
550 4365 610 4411 rex
633 4357 704 4413 erat
793 4354 833 4413 15

275 4450 406 4530 pastor,
429 4447 516 4512 ovile
538 4468 630 4515 suum

254 4554 259 4563 ’
273 4547 459 4616 ministrans
479 4551 594 4619 sedulo

273 4649 535 4722 documentorum
557 4659 688 4740 pabulo.

1470 467 1530 529 15²
1629 478 1630 538 i

1472 1067 1517 1132 20

876 2283 880 2290 ⁵
955 2309 1034 2375 Post
1075 2310 1150 2376 hino
1190 2319 1305 2395 sponte
1342 2330 1513 2396 compren-

1254 2413 1340 2479 ditur

955 2518 1052 2580 saevis
1075 2521 1116 2583 ab
1134 2518 1270 2583 inimicis

937 2660 940 2670 ι
956 2629 989 2684 et
1011 2623 1137 2686 vinctus
1151 2624 1306 2706 'privatur

956 2723 1058 2791 oculis
1082 2725 1186 2788 sancti
1210 2724 1335 2807 capitis.

888 2939 919 3000 4.
948 2935 1073 3000 Deinde
1097 2936 1199 3001 labris

953 3041 1020 3105 oris
1043 3041 1210 3125 abscissis,

952 3145 1064 3228 lingua
1086 3143 1276 3230 depraedato

949 3249 1019 3333 jam
1045 3250 1157 3333 palato

952 3355 1040 3420 canit
1058 3353 1188 3424 Christo
1211 3355 1344 3438 gratias.

954 3489 1077 3576 Capitis
1101 3510 1229 3574 quoqne

953 3714 1076 3760 saevam
1098 3695 1305 3776 sententiam,

953 3806 1045 3864 recto
1068 3807 1174 3863 stante

952 3922 1019 3967 una
1039 3902 1122 3967 hora
1140 3920 1287 3986 corpore.

886 4115 917 4178 5.
949 4114 1009 4192 Qui
1032 4114 1147 4196 capitis
1169 4115 1305 4179 vulnera

952 4237 1013 4300 per
1036 4236 1133 4283 sacra
1154 4227 1205 4283 est
1226 4221 1294 4302 poli

954 4321 1092 4386 culmina
1115 4321 1267 4406 adeptus,

951 4456 989 4524 111
1011 4475 1075 4539 quo
1100 4457 1192 4522 miles
1217 4457 1363 4524 candidis

1471 2521 1514 2584 20

1452 3148 1512 3212 ,25

1469 3697 1513 3762 30

1467 4323 1511 4385 35

951 4579 1022 4626 cum
1045 4561 1153 4626 choris
1167 4570 1353 4646 marty-rum
1424 4556 1428 4564 '
1478 4555 1481 4560 ’

951 4663 1335 4750 doninozestisuciatu13
1456 4682 1459 4688 ’
