3294 5316
337 517 453 603 Sagax
473 516 533 583 luit
554 515 588 581 in
611 514 728 580 divinis
751 514 923 599 mandique
945 517 1104 600 nogotiis,

338 629 464 705 castus,
488 621 615 704 largus,
636 625 839 701 mansuetus,
862 619 1006 702 sobrius,
1029 618 1237 702 humillimus,

338 725 450 808 sicque
473 724 552 788 felix
574 722 753 787 infelicem
776 723 866 788 venit
889 720 1094 806 Baioariam‚

339 911 517 978 Ordinante
540 912 573 975 in
596 929 660 995 qua
683 908 814 976 Christo
838 919 935 996 atque
957 910 1127 980 Bonilacio

339 1015 508 1083 clericales
531 1033 642 1080 omnes
665 1014 789 1099 gradus
812 1015 941 1099 accepit
963 1013 1184 1098 dignissimus,

338 1120 532 1204 praesulatus
556 1116 662 1184 donec
684 1136 839 1182 sommam
861 1116 1051 1200 possidebat
1073 1117 1270 1187 cathedram.
1510 1122 1557 1184 30

288 1338 290 1346 ⁴
338 1311 435 1378 Sedis
458 1311 530 1396 ejus
554 1319 604 1376 est
626 1329 745 1374 revera
768 1308 945 1374 Rubilocus
969 1310 1157 1396 toparchia,

338 1418 393 1482 ubi
416 1435 545 1500 semper
567 1414 646 1479 fecit
669 1414 763 1495 signa
786 1418 883 1494 atque
906 1411 986 1483 facit¹
1006 1414 1161 1497 plurima,

338 1529 448 1586 suetus
471 1519 595 1586 cunctis
617 1516 714 1602 opc'm
735 1517 824 1582 ferro
845 1517 994 1600 corporis
1016 1526 1049 1581 ct
1071 1517 1196 1582 animae.

336 1709 430 1775 Nunc
453 1727 641 1792 precamur,
662 1705 745 1770 deus
767 1713 881 1790 pater,
905 1724 1015 1770 omncs
1039 1713 1071 1771 te
1093 1705 1318 1788 communiter,

336 1813 459 1877 tuearis
480 1819 516 1876 ut
541 1829 600 1876 nos
623 1808 696 1895 pius
718 1810 823 1874 sancti
844 1809 891 1873 tui
914 1810 1083 1894 precibus,
1505 1811 1551 1874 35

338 1916 432 1997 cujus
454 1916 557 1978 virtus
579 1920 677 1996 atquc
698 1931 835 1996 regnum
856 1913 948 1994 viget
970 1912 1003 1976 in
1025 1918 1226 1996 perpetuum.

320 2097 368 2152 lla.
388 2113 424 2151 zo
442 2097 540 2166 Trier,
560 2096 698 2154 Dombibl.
717 2098 769 2154 Nc.
788 2100 813 2152 5.
831 2098 862 2156 F.
882 2098 932 2154 des
951 2100 984 2153 12
1001 2098 1100 2154 Jahrh.

325 2218 359 2270 13
377 2216 446 2289 algu
464 2220 493 2272 et
510 2214 578 2273 fort.
597 2217 643 2274 Ha
675 2221 709 2274 31
728 2218 882 2278 liubilccus
901 2216 921 2274 f.
940 2219 1063 2276 Roboris
1083 2219 1172 2289 locus,
1190 2219 1328 2274 Eictclcdt.

710 2503 818 2578 1212.
847 2504 905 2575 Dc
927 2501 1063 2576 eodem.

153 2727 155 2732 ’
232 2708 337 2788 Dece·
358 2712 482 2773 tuorum
506 2708 637 2773 militum
912 2707 961 2776 Ob
983 2710 1057 2794 ejus
1079 2710 1163 2776 alma
1185 2710 1300 2776 merita

195 2844 198 2849 ·
232 2829 370 2892 corono,
392 2828 464 2894 spes
486 2817 514 2877 ct
535 2815 713 2895 promtum,
912 2821 1024 2879 nostra
1047 2813 1161 2879 relaxa
1183 2815 1330 2896 crimina,
1503 2818 1544 2880 10
1582 2801 1584 2806 ’

232 2916 367 2981 attende
389 2916 502 2999 pronis
526 2917 658 2981 auribus
724 2927 728 2932 '
912 2915 967 2982 hic
989 2917 1092 2983 libera
1115 2916 1157 2982 de
1178 2917 1285 2982 noxiis
1330 2973 1333 2978 ,

231 3016 378 3100 indignis,
398 3019 518 3084 nostris
539 3018 685 3099 vocibus,
913 3026 947 3084 at
967 3019 999 3084 in
1023 3019 1138 3086 futuris
1161 3021 1298 3086 sacculis

232 3179 295 3262 Qui
317 3182 545 3252 Willibaldum
568 3182 664 3248 hodie
839 3187 859 3248 5
913 3181 958 3247 'l'e
982 3190 1097 3249 cuncta
1119 3183 1252 3249 laudent
1273 3186 1412 3269 pariter,
1440 3161 1444 3172 ¹

232 3290 275 3354 ab
299 3289 385 3352 omni
406 3308 523 3372 purum
544 3287 675 3353 crimine
912 3305 1032 3354 summe
1057 3295 1243 3354 cunctorum
1267 3289 1405 3370 arbiter,

232 3388 384 3464 eductum
407 3391 514 3458 carnis
538 3409 642 3456 cavea
912 3398 962 3454 est
985 3389 1077 3474 cujus
1100 3409 1237 3474 regnum
1259 3389 1376 3456 stabile
1500 3392 1541 3454 15

231 3493 350 3562 locasti
372 3513 471 3577 super
495 3493 651 3586 aethora.¹
680 3551 684 3558 .
910 3514 971 3577 per
994 3514 1100 3560 aevum
1122 3495 1192 3560 sine
1211 3503 1366 3580 tempore.

216 3671 220 3678 ’
324 3679 383 3733 Aus
402 3677 549 3734 derselben
566 3677 614 3733 lls.

321 3802 400 3856 Zwoi
418 3800 522 3855 andero
541 3800 641 3856 Liedcr
659 3797 712 3856 auf
723 3801 772 3856 ihrr
790 3801 888 3856 stchen
906 3801 935 3854 in
954 3801 1007 3856 den
1024 3802 1098 3858 Acta
1117 3802 1168 3858 SS.
1186 3802 1255 3860 Julii
1272 3806 1298 3872 2,
1317 3803 1377 3858 199.

489 4084 597 4160 1213.
625 4086 684 4158 De
709 4110 735 4156 s.
763 4083 1007 4159 Willibrordo
1034 4087 1280 4185 (troparium).

233 4313 261 4379 1.
289 4313 419 4386 Laudes
443 4294 573 4380 chrisio
974 4290 1024 4359 01)
1046 4291 1290 4358 venerationem

298 4417 351 4482 dic
373 4437 458 4484 nunc
479 4419 542 4484 isto
974 4396 1078 4479 patris
1102 4396 1225 4478 eximii,

297 4520 466 4587 celebrent
490 4539 600 4586 omnes
974 4499 1078 4566 sancti
1102 4497 1319 4567 Willibrordi.

294 4625 415 4708 ubique
437 4625 553 4691 fideles
910 4628 941 4692 2.
972 4597 1066 4693 lianc
1088 4628 1215 4694 coelitas
1237 4627 1374 4713 delapsa

295 4743 415 4812 magno
437 4728 580 4815 tripudio
838 4732 858 4794 5
976 4731 1101 4798 enitens
1123 4733 1249 4798 notavit
1270 4733 1364 4814 luna,
1496 4732 1538 4798 10
