3332 5318
233 367 297 432 160

282 551 493 638 ‘Angelicam
976 557 1110 622 vincere
1134 559 1188 639 qni
1210 560 1295 624 solet

299 655 354 722 hic
375 658 475 723 vitam
500 655 638 721 duxerat
976 666 1164 743 tentantnrn,
1181 663 1209 725 si
1222 682 1287 729 non
1300 674 1469 749 repugnet.
1493 669 1538 734 40

297 761 332 824 in
356 779 470 843 carne,
494 760 569 826 dnm

298 872 422 949 praeter
444 884 575 931 carnem
596 865 733 930 vixerat.
912 855 942 916 ⁷·
974 851 1076 929 Quem
1098 854 1170 920 hae⁰
1190 856 1286 939 Vi¹g⁰

975 957 1131 1022 resistens
1154 979 1175 1022 a
1197 979 1232 1024 se
1255 961 1333 1026 tecit
1355 961 1485 1046 fugere,

235 1055 264 1117 5.
295 1051 367 1118 Hoc
389 1054 522 1119 miratur
817 1053 859 1116 25

298 1175 435 1241 serpens
459 1158 624 1241 antiquus,

299 1266 487 1331 calcaneum

978 1095 1049 1173 Quo
1071 1098 1184 1181 fugato

979 1201 1254 1284 appropinquavit
1286 1203 1348 1268 sibi
1382 1202 1538 1270 dominns.

1649 986 1651 1056 t

299 1371 369 1434 eills
392 1371 590 1436 observabat
613 1367 769 1448 oallidssssi
914 1391 945 1453 8.
976 1388 1058 1455 Nam
1073 1389 1157 1454 inter
1171 1390 1316 1472 virgines
1332 1389 1475 1455 adducta
1496 1391 1539 1453 45
1651 1373 1652 1398 ³

300 1505 393 1583 onon
415 1526 535 1572 nocere
979 1500 1055 1576 post
1077 1513 1162 1572 eam,
1192 1513 1265 1575 quae
1291 1500 1395 1558 mater
1417 1501 1468 1558 cst
1489 1495 1540 1557 in·

300 1609 375 1675 dum
394 1612 609 1692 machinatur,
819 1609 861 1671 30
1277 1603 1382 1677 tacta,

302 1715 361 1775 snb
383 1711 521 1795 pedibus
978 1701 1146 1788 virginum,
1161 1702 1298 1785 virginis
1320 1701 1436 1765 Mariae

299 1813 427 1879 feminae
450 1824 548 1901 capnt
570 1814 642 1898 ejus
668 1813 791 1878 teritur.
982 1807 1083 1888 digna
1104 1815 1155 1871 est
1176 1807 1391 1891 pedissequa3

982 1943 1029 2007 Te
1054 1963 1172 2026 agnum
1195 1946 1264 2009 sino
1285 1946 1413 2011 macula

858 2053 861 2061 “
980 2049 1050 2133 jam
1070 2051 1216 2131 sequitur
1238 2049 1324 2115 stola
1337 2033 1486 2134 candidat,
1501 2053 1543 2115 50

981 2153 1081 2217 filiurn
1105 2153 1254 2235 virginis,

984 2273 1185 2338 quocumque
1204 2253 1364 2338 virginum
1380 2254 1440 2319 flos
1455 2256 1543 2320 ieris.

235 2006 266 2068 6.
297 2002 435 2069 Insidias
456 2003 559 2068 hostis

301 2107 402 2188 hanc,
425 2106 571 2188 Christe,
595 2105 737 2171 docuisti

300 2210 461 2292 virginem
483 2211 616 2276 vincere

302 2313 335 2376 in
357 2315 461 2399 prima
485 2315 737 2398 congressione,

301 2447 384 2514 Dum
406 2469 471 2516 non
493 2453 709 2536 consentiret,
919 2450 949 2511 9.
982 2444 1083 2529 Cujus
1105 2446 1338 2510 intercessione

303 2555 364 2619 sed
384 2555 430 2619 illi
454 2557 641 2637 resisteret,
982 2559 1019 2618 ιιι
1040 2569 1100 2616 nos
1122 2558 1223 2616 tuere.

322 2740 370 2793 lis.
388 2756 423 2794 an
443 2738 596 2822 Stnttgart,
614 2740 686 2795 Bibi
700 2739 754 2795 No.
771 2741 814 2795 20.
832 2738 853 2794 f.
873 2741 916 2794 to.
935 2740 985 2795 des
1006 2741 1040 2793 13
1058 2738 1156 2794 Jahrh.
1184 2741 1200 2807 (
1226 2741 1251 2808 ).
1285 2737 1333 2793 ils.
1352 2753 1387 2791 nu
1404 2737 1543 2794 Minchon

236 2825 305 2883 olm.
325 2827 419 2881 14845.
440 2824 459 2881 f.
477 2830 504 2882 3.
523 2828 572 2882 des
593 2830 626 2882 12
644 2827 743 2883 Janrn.
763 2828 825 2897 (Β).
861 2827 912 2882 Bei
929 2826 1029 2882 Daniel
1046 2830 1072 2896 2,
1091 2827 1126 2881 48
1144 2827 1208 2895 (G).

325 2948 426 3002 Abst
455 2949 548 3004 nnd2
576 2949 638 3004 sind
662 2949 737 3004 inA
764 2949 914 3021 vereinigt.
968 2949 1106 3021 ogratia
1129 2950 1186 3006 AC.
1241 2950 1275 3002 12
1294 2944 1406 3002 editas.
1423 2963 1492 3002 mer,
1511 2949 1543 3005 Ο.

235 3036 272 3088 23
290 3035 362 3089 nach
381 3051 465 3089 carne
483 3037 534 3091 hat
552 3035 577 3091 A
598 3036 680 3091 einen
693 3037 794 3106 Ponit,
813 3036 863 3092 der
877 3039 946 3093 aber
959 3037 1040 3092 lisine
1054 3037 1204 3092 metrisctre
1221 3035 1402 3107 Abtheilnng,
1420 3037 1544 3091 sondern

237 3122 299 3177 eino
324 3121 502 3192 sprachliche
526 3123 648 3196 anzeigt.
696 3125 732 3178 29
756 3129 788 3180 ut
806 3131 923 3180 noceret
940 3126 980 3194 B,
1009 3125 1054 3180 die
1071 3125 1193 3196 richtige
1214 3124 1315 3178 Lesart
1333 3123 1443 3179 scheint
1460 3123 1543 3177 aber:

238 3211 283 3264 cui
300 3226 413 3266 nocere.
466 3213 500 3266 35
525 3212 600 3284 virg.
628 3210 703 3266 fehlt
729 3213 769 3280 C,
801 3228 893 3285 gegen
921 3213 971 3267 dae
996 3213 1222 3283 Strophenmass.
1276 3213 1312 3267 40
1338 3216 1462 3267 tentatus
1488 3210 1542 3267 BC.

236 3300 272 3353 43
291 3297 312 3354 O
330 3300 381 3354 hat
397 3298 499 3352 kainon
517 3299 631 3354 Absatn.
667 3301 704 3354 44
721 3301 967 3371 appropinquabat
984 3301 1036 3356 tibi
1054 3301 1163 3356 domine
1187 3301 1222 3368 C,
1254 3299 1494 3371 appropinquabit
1509 3300 1542 3353 Α
1655 3335 1656 3352 ι

237 3386 294 3442 Das
308 3388 398 3442 Wort
416 3386 536 3442 adducta
553 3387 583 3441 in
596 3390 631 3443 45
645 3378 821 3443 'entscheidet
839 3385 887 3444 fiir
901 3389 947 3444 die
960 3390 1062 3444 Lesart
1076 3389 1178 3457 vonit,
1197 3388 1241 3442 dio
1261 3388 1307 3442 ich
1321 3384 1544 3458 ansgenomrnen.

237 3476 272 3528 45
298 3491 362 3529 nam
389 3475 437 3530 int
463 3476 493 3532 G.
547 3476 583 3529 46
612 3491 676 3545 qnae
703 3479 836 3530 est-mat.
863 3477 897 3532 Α
946 3477 981 3531 48
1005 3493 1036 3530 es
1053 3478 1085 3532 B.
1132 3477 1167 3530 49
1185 3491 1276 3547 agnus
1294 3476 1325 3530 B.
1375 3477 1410 3529 52
1428 3475 1496 3531 ierit
1513 3475 1542 3532 θ.

237 3565 272 3618 53
292 3565 376 3637 hujus
395 3565 425 3620 G.
462 3566 497 3618 54
515 3569 546 3618 ιιι
566 3561 638 3618 fehlt
656 3563 685 3618 G.

326 3683 378 3737 Ein
395 3684 462 3739 Lied
480 3681 533 3738 auf
547 3684 592 3739 die
610 3686 637 3739 h.
655 3683 833 3758 Jungt'rauen
852 3689 928 3743 steht
946 3689 1017 3743 anch
1037 3688 1074 3742 im
1094 3688 1216 3742 Triodton
1233 3686 1269 3756 Z,
1287 3688 1312 3740 4.

692 4011 776 4086 753.
812 4013 871 4085 De
896 4010 1103 4112 virginibus.

238 4235 335 4317 Jcsu,
357 4255 417 4299 rex
430 4231 529 4323 ἅγιε,
917 4241 982 4307 Per
1006 4253 1078 4325 quae
1101 4236 1307 4324 subpeditant

241 4344 339 4401 terrae
361 4338 493 4421 polique
767 4326 772 4334 ⁴
919 4352 1017 4426 atque
1036 4343 1233 4427 triumphant

242 4441 362 4504 virtute
383 4444 530 4507 recolunt
920 4447 1070 4511 mnndum
1094 4466 1165 4511 cnm
1187 4447 1273 4510 vitiis

243 4562 283 4607 ac
305 4544 514 4629 benedicunt,
918 4550 983 4615 tela
1006 4551 1060 4614 vet
1082 4550 1199 4632 hostis,

243 4648 298 4729 qni
321 4646 379 4712 das
402 4651 557 4732 virgineis
845 4657 864 4716 5
917 4653 998 4719 Evae
1021 4673 1083 4737 pro
1105 4656 1220 4718 merito

242 4769 332 4815 arma
355 4755 513 4836 catervis,
917 4758 1062 4822 membra
1086 4756 1256 4823 domando.
