3326 5322
423 786 509 861 964.
538 787 597 858 De
620 809 647 856 s.
674 785 845 856 Heinrieu
872 785 953 882 imp.
980 781 1034 854 ud«
1052 804 1146 882 vesp.
1175 781 1335 883 hymnus.

230 1011 323 1090 Vuae
347 1043 431 1091 nune
453 1023 575 1088 celebri
910 1026 983 1091 Post
1005 1043 1061 1091 sea
1081 1025 1232 1108 apparuit

232 1143 386 1190 sanamus
408 1124 508 1188 iueliti
908 1130 969 1213 illi,
992 1131 1046 1212 qui
1068 1130 1184 1194 ularuit

230 1229 308 1293 laeta
330 1228 505 1314 praeconia
908 1232 1015 1297 multis
1039 1233 1210 1297 virtutibus

231 1329 341 1397 debita
364 1328 469 1412 gloria
910 1343 943 1400 et
966 1335 1087 1399 Christi
1109 1335 1274 1418 laudibus,
1494 1339 1537 1400 25

230 1433 373 1502 Heinriai
397 1433 549 1514 caesaris,
910 1438 997 1522 quod
1019 1447 1231 1522 apparuerat,

232 1538 287 1622 qui
309 1538 410 1620 signia
429 1537 528 1600 variis
769 1557 770 1562 ¹
909 1541 1028 1606 inscius
1052 1542 1172 1622 luerat,

184 1696 187 1701 .
233 1639 379 1706 elarebat
400 1647 434 1704 et
455 1639 624 1704 miraculis.
908 1649 980 1726 post
1000 1662 1057 1710 sea
1078 1663 1180 1710 anuos
1203 1654 1405 1731 perceperat.

231 1826 293 1893 Hie
315 1826 522 1891 laudabiliter
909 1831 1045 1897 Devotis
1070 1831 1224 1898 cordibus

231 1930 314 1993 vixit
336 1936 369 1994 et
391 1931 549 2014 suaviter,
910 1944 944 2000 et
965 1937 1055 2020 puris
1073 1937 1232 2001 mentibus
1494 1937 1539 2002 30¹

232 2033 277 2097 nil
300 2033 489 2097 transitoria
910 2039 1006 2122 hujus
1029 2039 1188 2104 eoelieolae

233 2138 360 2201 curavit
380 2135 517 2220 gaudia,
910 2143 997 2206 valle
1017 2143 1158 2206 miseriae

233 2241 344 2306 diviua
366 2240 483 2322 coluit,
778 2251 780 2256 “
909 2265 1081 2328 precemur
1102 2245 1244 2328 veniam,

232 2362 290 2409 eor
313 2364 428 2429 purum
449 2343 575 2426 habuit,
910 2359 945 2417 ut
967 2352 1061 2417 nubis
1084 2351 1223 2433 gratiam

232 2447 317 2511 viam
340 2447 453 2512 salutis
476 2448 586 2512 tenuit.
910 2457 1061 2540 impetret
1083 2457 1159 2522 laete
1182 2456 1335 2523 eoelieam.
1495 2460 1539 2520 35

231 2635 430 2700 Restauraus
452 2642 566 2699 vetera
817 2639 856 2700 15
911 2644 962 2711 Sit
983 2647 1069 2730 patri
1091 2646 1216 2729 gloria,

233 2759 305 2806 uum
327 2748 433 2804 mente
455 2740 575 2822 libera,
910 2771 972 2836 per
994 2770 1089 2833 quem
1111 2750 1249 2815 viatoria
1289 2731 1292 2740 ’

232 2843 416 2926 templaque
439 2844 517 2908 vilia
912 2851 1007 2917 datur
1030 2851 1181 2917 fidelibus

232 2947 310 3015 feeit
332 2947 437 3028 utilia,
911 2955 965 3022 hie
986 2956 1198 3040 patientibus,

231 3071 293 3136 per
317 3049 436 3114 Christi
458 3049 596 3133 gloriam
647 3125 650 3130 ,
911 3060 982 3124 laus
1005 3057 1077 3142 ejus
1095 3057 1163 3124 filio

233 3154 372 3220 divinam
395 3155 533 3236 gratiam
738 3229 741 3232 ,
799 3159 857 3246 Ι20
911 3165 953 3227 sit
971 3163 1151 3244 unigenito,

189 3343 192 3348 .
232 3261 348 3326 meruit
369 3260 423 3325 hie
446 3268 478 3324 et
500 3261 646 3344 patriam.
910 3266 1015 3330 honor
1037 3273 1151 3330 saneto
1173 3267 1342 3349 paraclito.

321 3444 368 3502 lls.
388 3465 423 3501 uu
441 3445 470 3503 S.
489 3446 560 3503 Paul
578 3447 607 3501 in
626 3445 752 3502 llilrrrteu
776 3447 829 3503 No.
849 3451 892 3502 57.
917 3451 950 3506 15
968 3448 1065 3505 Jahrh.
1090 3447 1140 3504 mit
1158 3447 1208 3504 der
1225 3447 1346 3504 llelodie
1366 3450 1430 3520 (A).
1467 3447 1538 3505 Bre·
1648 3487 1649 3496 a

233 3535 305 3589 viar.
325 3534 409 3591 Basil.
429 3550 485 3590 see.
505 3537 546 3588 15.
565 3533 616 3591 fol.
630 3535 665 3590 89
684 3535 749 3606 (Β).
785 3535 923 3590 Dasselbe
940 3535 1160 3607 Strepieumass
1179 3537 1230 3592 hat
1248 3535 1301 3592 No.
1320 3537 1381 3590 aad.

320 3659 354 3712 21
374 3657 420 3712 lrie
437 3656 510 3714 fehlt
528 3659 560 3713 Α.
595 3660 631 3712 22
643 3663 716 3742 post
735 3673 791 3712 sex„
819 3657 849 3714 S.
867 3657 919 3712 Nu.
937 3659 999 3728 966,
1018 3660 1062 3712 13.

579 3993 665 4068 965.
701 3994 760 4065 De
787 4019 815 4064 s.
840 3993 1025 4066 Heinrieo.
1067 3997 1190 4067 oratio.

233 4219 345 4308 Rogo,
369 4223 447 4289 felix
470 4243 490 4289 ο
512 4223 681 4308 Heinriee,
911 4223 948 4292 lri
971 4215 1124 4289 extremis
1148 4225 1341 4309 adjuvamen

234 4326 327 4391 aufer
348 4327 451 4409 partis
473 4327 610 4394 inimicae
912 4335 945 4394 et
967 4328 1069 4394 ruinae
1091 4329 1279 4394 relevamen
1303 4324 1305 4331 ’

278 4429 372 4494 delas
395 4449 434 4496 ae
456 4431 635 4514 laliacum,
954 4451 1054 4515 praee
1078 4441 1134 4498 tua
1156 4433 1278 4514 tribue,

235 4539 268 4598 et
290 4539 476 4599 cunctorum
494 4534 685 4600 delictorum
911 4545 947 4602 ut
969 4537 1132 4621 eoujuueti
1154 4539 1323 4603 beatorum
1498 4537 1539 4600 10

233 4637 267 4700 in
289 4635 352 4702 hae
374 4635 441 4702 vita
463 4639 704 4704 commissorum
838 4639 857 4700 5
910 4639 991 4703 surii
1011 4640 1045 4706 iu
1067 4657 1172 4724 regnu
1195 4638 1351 4704 uelorum

276 4736 370 4804 nouis
391 4757 492 4824 posue
514 4741 650 4810 veniam.
953 4740 1293 4828 laetemurperpetue.
1418 4755 1421 4761 ·
