3310 5316
221 361 287 426 188

221 548 330 616 Annae
352 548 465 613 laudes
485 549 690 632 persolvere,
899 546 998 614 Anna
1021 557 1148 631 sancta,
1172 551 1225 614 fac
1247 549 1345 615 liliam

222 653 317 719 dulce
340 653 441 716 melos
464 651 656 736 depromere
900 637 988 717 tuam
1010 655 1103 718 nobis
1127 654 1316 737 propitiam,

221 776 284 841 pro
308 765 398 822 tanto
421 757 515 823 decet
537 777 684 838 munere,
806 757 844 818 15
899 763 934 822 nt
956 757 1057 839 ipsius
1079 777 1140 842 per
1162 759 1300 840 gratiam

222 859 309 942 quod
328 860 443 923 meruit
465 859 537 923 haec
560 860 705 941 gignere.
899 857 1092 922 reducamur
1116 857 1157 922 ad
1180 861 1327 943 patriam.

221 1043 329 1110 Annae
352 1065 462 1110 omnes
486 1047 690 1130 applaudite,
899 1039 998 1110 Almo
1020 1048 1106 1129 patri
1129 1048 1172 1112 sit
1192 1047 1312 1130 gloria,
1484 1049 1523 1111 25
1642 1103 1643 1134 ,

162 1150 165 1155 ’
220 1167 282 1212 vos
304 1150 419 1215 flentes
444 1153 616 1231 concinite,
681 1181 684 1190 ·
900 1147 971 1228 ejus
994 1156 1070 1211 nato
1093 1149 1245 1230 victoria,

221 1271 323 1318 voces
345 1255 378 1317 in
402 1255 499 1319 altum
522 1255 650 1338 pellite,
899 1250 1024 1333 spiritui
1048 1252 1089 1314 sit
1111 1253 1218 1334 gratia

221 1361 333 1436 grates
357 1355 388 1419 ei
410 1355 593 1438 impendite.
805 1355 847 1417 20
899 1374 960 1438 per
982 1355 1174 1419 saeculorum
1196 1357 1325 1420 saecula.

313 1541 413 1594 11555
433 1540 462 1596 S.
482 1541 554 1595 Paul
572 1541 601 1594 iu
619 1541 745 1594 Kirnten
764 1540 817 1594 No.
839 1541 881 1593 13.
900 1537 919 1592 f.
935 1540 977 1592 99.
997 1541 1046 1594 des
1066 1540 1211 1594 15551515.
1246 1540 1316 1594 dede
1336 1539 1460 1610 strophe
1478 1539 1526 1594 he·
1642 1507 1643 1578 1

219 1628 301 1698 ginnt
328 1628 378 1683 mit
405 1629 495 1682 cinam
520 1629 558 1696 A,
586 1627 641 1682 und
667 1629 685 1680 1
711 1627 761 1682 mit
788 1627 884 1694 Anna,
920 1626 1064 1682 vielleicht
1087 1627 1126 1682 ist
1144 1627 1231 1682 daher
1250 1629 1322 1682 auch
1345 1627 1525 1682 1551555
1642 1635 1643 1642 ’

219 1714 312 1768 lesen:
330 1717 419 1768 Annae
438 1719 544 1782 assunt,
563 1715 619 1768 und
637 1716 725 1770 Annae
744 1713 833 1768 alvus.

307 1840 325 1891 3
344 1839 401 1905 eis,
422 1838 469 1891 115.
507 1839 540 1890 12
559 1841 625 1906 post
645 1839 730 1904 hano,
749 1836 797 1890 Hs.
834 1836 867 1890 18
885 1836 995 1890 scheint
1013 1835 1188 1904 verdorhen,
1206 1850 1237 1888 ea
1256 1832 1328 1888 fehlt
1346 1834 1408 1890 5155
1427 1833 1525 1905 Sylbe,

595 2155 683 2231 804.
720 2155 778 2228 Ι)5
805 2183 831 2228 s.
860 2153 977 2232 Anna.
1025 2155 1147 2226 oratio.

221 2393 333 2458 Gaude
356 2393 434 2458 felix
457 2391 574 2476 Anna,
617 2418 618 2422 ¹
811 2417 814 2422 ·
936 2367 1023 2476 'quae‘
1036 2395 1131 2476 virgo
1155 2393 1250 2457 deum
1273 2373 1418 2476 peperit,

219 2496 397 2579 concepisti
415 2497 555 2581 prolem,
625 2529 642 2543 ·-
682 2517 684 2522 ·
898 2506 1002 2562 mater
1025 2505 1074 2560 est
1097 2497 1232 2561 messiae.

263 2619 336 2680 quae
358 2600 504 2682 paritura
525 2599 632 2664 fuerat

218 2701 327 2766 mnndi
351 2704 556 2780 salvatorem.
896 2685 1012 2764 Gaude
1035 2685 1114 2748 felix
1132 2682 1247 2767 Anna,

899 2793 969 2856 sola
991 2791 1149 2871 mernisti,

220 2893 335 2958 Gaude
358 2893 436 2958 felix
458 2892 569 2976 Anna,
825 2895 844 2954 5
941 2901 980 2956 nt
998 2911 1088 2956 esses
1108 2900 1212 2956 mater
1234 2891 1370 2974 virginis
1483 2893 1522 2953 15

219 3004 324 3060 mater
346 3016 474 3080 magnae
496 2997 614 3081 prolia,
898 2996 1010 3060 matris
1033 2996 1113 3061 Jesu
1137 2995 1264 3059 Christi.

264 3119 306 3162 ex
329 3107 361 3164 te
383 3101 545 3184 prooessit
566 3100 701 3164 rutilans
1180 3149 1183 3154 .

220 3202 316 3266 scena
339 3202 560 3266 summiseris.
762 3233 766 3241 .
899 3186 1011 3250 Gaude
1034 3187 1113 3250 felix
1135 3183 1250 3267 Anna,

897 3288 1004 3371 gaude
1027 3290 1095 3351 sine
1119 3289 1201 3368 fine,

220 3393 334 3458 Gaude
356 3396 436 3458 iehx
458 3392 575 3477 Anna,
940 3401 974 3456 et
995 3409 1056 3475 pro
1079 3413 1129 3476 me
1152 3409 1269 3476 preces
1292 3391 1427 3474 porrige

218 3497 361 3578 genitrix
384 3496 514 3580 Mariae,
805 3498 844 3559 10
897 3496 1051 3560 coelorum
1075 3496 1208 3577 reginae.
1479 3491 1521 3576 20

307 3684 355 3737 lls.
374 3701 410 3737 zu
427 3683 526 3750 hlainz,
543 3684 616 3753 Aug.
636 3677 866 3738 hamalant
886 3678 936 3733 (155
957 3681 990 3731 15
1008 3679 1107 3733 Jahrh.
1126 3677 1193 3746 (lli).
1229 3676 1276 3731 lls.
1297 3693 1330 3730 ru
1345 3674 1522 3730 Lichtenthal

109 3811 110 3814 ι
218 3768 265 3823 bei
283 3769 387 3837 Badeo,
407 3772 440 3822 15
458 3771 557 3826 Jahrh.
581 3770 643 3839 (L).
689 3769 771 3823 Dicae
790 3765 937 3822 lls.--fa'hrt
955 3765 1005 3820 mit
1023 3767 1111 3819 einero
1129 3764 1310 3836 Reimgebete
1330 3780 1364 3818 so
1382 3760 1455 3818 fort:
1492 3766 1521 3816 et

218 3869 273 3925 pro
292 3857 354 3928 ejus
373 3873 469 3911 amore
487 3857 630 3912 intercede
649 3873 703 3926 pro
722 3871 765 3909 me
783 3859 950 3926 peccatore,
969 3858 1022 3907 etc.

311 3983 329 4033 2
346 3995 418 4050 quae
427 3979 483 4048 Llll,
502 3996 596 4052 gagen
615 3979 665 4034 das
679 3977 907 4047 Strophenmasa.
943 3979 960 4030 3
982 3981 1044 4030 erat
1060 3991 1122 4045 par.
1141 3974 1197 4028 thl.
1235 3974 1270 4026 10
1285 3971 1403 4044 virginis
1413 3970 1481 4025 hlar.
1491 3969 1521 4025 L.

218 4067 460 4123 incenatum.
497 4069 531 4121 13
550 4069 631 4122 Anna
650 4063 724 4119 fehlt
741 4065 770 4118 L.
807 4065 841 4117 11
859 4079 921 4133 quae
940 4063 1003 4119 sola
1022 4063 1080 4124 [M.
1117 4062 1151 4115 16
1169 4059 1274 4115 domini
1292 4059 1383 4115 nostri
1401 4060 1427 4114 d.
1442 4055 1472 4116 G.
1490 4057 1521 4112 L.

217 4155 252 4208 18
270 4154 362 4226 gaude
380 4153 453 4210 fehlt
471 4157 499 4210 L.
537 4158 571 4209 19
590 4160 619 4209 ot
637 4152 710 4210 fehlt
727 4153 785 4208 tlt.

563 4437 651 4512 805.
682 4438 741 4509 De
766 4462 794 4508 5.
821 4433 939 4510 Α555.
978 4400 1170 4534 sequentia.

140 4729 145 4738 ,
215 4653 344 4720 Nardns
367 4658 524 4740 spiratio
547 4657 681 4722 odorem
895 4655 954 4720 aed
976 4654 1037 4718 flos
1060 4652 1183 4719 fructus
1207 4651 1264 4724 dat
1285 4651 1441 4714 honorem

215 4768 249 4824 et
270 4760 430 4843 spinetum
451 4763 578 4847 profert
599 4762 729 4846 florem,
939 4758 1028 4840 regis
1049 4757 1082 4819 in
1102 4757 1260 4822 accubitu.
