3294 5322
257 304 323 370 418

345 489 379 544 V.
396 493 413 543 'l
431 485 479 561 lig.
516 487 638 544 modion
655 487 709 559 ΙΙ,
728 492 754 544 1.

364 577 418 647 Τὴν
436 573 546 652 πόρνην,
561 565 591 631 ω’·
602 572 717 632 τάλαινα
1043 579 1157 652 δξόμοξο
1175 581 1206 638 tt
1223 589 1285 646 ταῖς
1302 585 1384 660 θριξὶ

363 661 441 736 ψυχή
459 683 523 736 μου,
541 659 591 718 οὐκ
609 660 760 736 lisitanae,
1041 668 1094 724 teir
1112 663 1237 743 ἀρχαίων

361 749 420 822 ἥτις
438 750 562 824 λαβοῦσα
776 745 779 751 ⁸
1043 751 1215 825 ἐγκλημάτων

362 835 453 914 μύρου
470 836 502 892 τὸ
520 833 693 913 ἀλάβαστρον
1042 839 1073 896 τὸ
1092 839 1281 918 χειρόγραφον

363 923 415 981 σὺν
435 923 567 1002 δάκρυσιν
585 921 680 998 ἤλειφε
1041 923 1186 998 ῥηγνύντος
1201 923 1276 1000 αὐτῇ.

361 1010 426 1075 τοὺς
444 1009 535 1074 πόδας
553 1009 602 1067 τοῦ
620 1015 729 1088 κυρίου.

340 1098 375 1154 V.
394 1100 434 1154 15.
460 1095 588 1170 ναμάτων
605 1099 763 1169 πληοθεῖσα
781 1093 921 1161 Coroneum
941 1093 1029 1171 πηγῆς
1047 1092 1239 1174 ἐξοφθόροο.
1265 1099 1322 1156 lul
1339 1102 1383 1155 22.

552 1424 557 1432 ·
628 1380 737 1455 1056.
767 1377 958 1479 Ejusdem,
985 1380 1031 1452 ad
1057 1378 1189 1452 laudea.

256 1602 314 1669 Pie
337 1602 485 1670 Christus
507 1603 593 1684 hano
614 1605 762 1689 respexit
932 1606 1006 1672 Non
1028 1610 1164 1692 agnovit
1187 1607 1317 1692 figurali

300 1707 437 1791 spetiali
459 1706 583 1789 gratia,
975 1711 1129 1777 latentem
1152 1713 1307 1796 imagine,

139 1871 142 1878 ,
258 1811 332 1893 quia
354 1809 485 1874 multum
509 1809 581 1872 haee
603 1807 733 1890 dilexit,
933 1814 1047 1878 mentis
1070 1835 1185 1897 agrum
1208 1813 1345 1898 spiritali
1518 1815 1552 1876 15

299 1913 500 1979 dimittuntur
522 1913 647 1993 omnia3
769 2011 771 2015 Ι
977 1918 1183 1982 excolentem
1205 1918 1341 1998 semine,

257 2015 392 2096 christi,
415 2015 546 2098 quando
566 2015 760 2094 resurrexit,
860 2017 879 2078 5
933 2019 992 2084 sed
1014 2040 1085 2086 oum
1109 2042 1181 2085 eam
1203 2020 1339 2104 speciali

298 2120 385 2186 faeta
408 2128 459 2184 est
481 2120 672 2203 pronuntia·
976 2121 1162 2206 designavit
1184 2124 1321 2208 nomine.

256 2305 453 2373 Aestimavit
475 2305 680 2371 hortulanum
932 2310 1043 2376 Gloria
1067 2320 1100 2376 et
1121 2312 1226 2377 honor
1249 2313 1324 2396 tibi,-

299 2418 332 2476 et
353 2411 417 2477 hoo
439 2428 518 2474 sane
541 2409 694 2492 eredidit,
910 2463 912 2468 .
975 2431 1068 2498 spes,
1092 2415 1174 2496 vita,
1197 2415 1254 2478 lux
1277 2414 1442 2496 animm,¹
1515 2415 1551 2478 20

255 2516 435 2582 seminabat
458 2514 541 2578 'enim
564 2533 715 2596 granum,
931 2537 992 2602 per
1015 2536 1110 2598 quem
1132 2523 1267 2600 sperant
1290 2535 1326 2580 se
1349 2517 1521 2600 praesoribi

297 2617 385 2702 qnod
407 2619 440 2682 in
461 2625 601 2682 mentem
624 2616 758 2700 oeoidit,
838 2618 878 2680 to
974 2619 1057 2684 libro
1080 2621 1193 2684 mortis
1215 2621 1381 2704 pessimae,

255 2724 397 2806 linguam
419 2723 511 2788 novit
533 2730 567 2787 et
588 2740 653 2786 non
676 2741 819 2805 manum,
930 2729 1088 2806 praestent
1110 2723 1170 2789 sibi
1193 2742 1253 2787 uos
1276 2723 1438 2788 conscribi

295 2827 407 2909 lingna
428 2826 564 2910 Jhesum
587 2824 710 2888 indidit.
973 2824 1165 2907 peooatriois
1188 2825 1339 2891 lacrimae.
1407 2845 1410 2850 ·

321 3012 370 3068 us.
389 3029 424 3066 ru
441 3012 580 3084 Freiburg
598 3012 649 3067 uo.
668 3011 710 3065 aa.
729 3011 762 3064 15
782 2993 880 3065 annin.
907 3009 968 3080 (u),
1004 3009 1055 3064 nei
1074 2979 1249 3068 uenarum
1267 3027 1293 3064 v.
1311 3011 1399 3068 siena
1417 3029 1500 3068 seru
1516 3011 1549 3066 io

253 3099 315 3170 (B).
337 3099 374 3154 ad
392 3105 467 3156 noct.
990 3115 992 3120 ·
1055 3121 1059 3130 ·

339 3221 390 3276 llio
408 3224 470 3279 llas.
490 3223 546 3279 und
564 3222 718 3294 Ausgaben
737 3223 786 3277 les
806 3221 927 3294 vorigen
944 3221 1043 3278 Lierles
1061 3222 1153 3277 haben
1171 3223 1247 3278 ‹liese
1267 3227 1343 3278 erate
1362 3223 1489 3294 Strophe
1507 3221 1546 3278 ale

250 3311 341 3365 vierte
359 3326 417 3367 von
434 3313 488 3368 No.
509 3312 585 3365 1055.

338 3402 352 3451 1
373 3399 519 3470 prospexit
536 3400 569 3453 A.
597 3401 614 3452 2
633 3396 755 3476 spiritali
773 3398 806 3452 Α.
834 3398 851 3452 3
869 3397 942 3451 hane
959 3397 1015 3466 Ab,
1034 3398 1106 3453 hune
1125 3397 1181 3452 BD.
1209 3397 1357 3453 terimina
1371 3402 1405 3454 st
1421 3397 1547 3465 omniaB,

249 3486 320 3542 vitia
346 3487 389 3556 ll,
424 3487 509 3542 damit
535 3487 573 3542 ist
600 3486 650 3540 der
675 3483 832 3556 Gegensatz
857 3501 891 3538 nn
917 3483 1032 3538 multum
1056 3485 1220 3540 verwisolrt.
1274 3487 1291 3540 9
1318 3485 1468 3541 seminavit
1494 3485 1545 3539 DB.

250 3574 286 3626 10
303 3559 393 3630 mente
412 3575 443 3628 B.
472 3572 669 3630 ·11movitB.
707 3574 740 3630 12
759 3571 885 3644 lingnam
899 3571 1028 3627 Christus
1046 3573 1077 3641 l),
1096 3573 1174 3628 nieht
1192 3577 1251 3646 gut,
1270 3572 1341 3628 ‹lenn
1358 3572 1457 3644 lingna
1476 3572 1548 3628 steht

250 3656 297 3716 fiir
315 3657 377 3718 voit
1008 3675 1011 3680 “

241 3943 245 3952 ’
366 3963 475 4038 1057.
511 3961 675 4062 Hymnus
703 3958 746 4032 de
773 3987 801 4033 s.
821 3963 937 4033 Maria
964 3957 1189 4060 Magdalena.
1230 3957 1275 4031 ad
1299 3961 1445 4032 tertiam.
1521 4047 1523 4054 Ι

249 4181 525 4268 anseromiae,
548 4192 661 4249 auetor
683 4185 776 4266 vitae,
923 4182 1103 4248 Pretiosam
1126 4183 1335 4264 margaritam

291 4286 346 4368 qui
367 4287 399 4351 iu
422 4294 478 4350 tuo
501 4287 658 4369 sanguine
967 4285 1165 4367 stellamque·
1182 4283 1391 4351 clarissimam

251 4397 421 4473 peceatum
442 4391 559 4456 lavasti
583 4384 684 4474 aaa,
924 4409 996 4454 eam
1017 4389 1133 4455 locasti
1155 4390 1188 4454 in
1210 4407 1287 4454 eree

291 4491 406 4556 Mariae
427 4493 634 4576 Magdalenae
967 4493 1110 4558 uranioae
1133 4494 1249 4575 ouria,

247 4594 385 4661 tribuisti
407 4596 582 4662 salutarem
851 4599 869 4660 5
923 4593 1070 4681 utjesset
1093 4595 1228 4660 evidens
1251 4602 1316 4660 tuae

291 4705 429 4772 fructum
451 4704 660 4790 poenitentiae.
831 4731 841 4750 ·
968 4700 1150 4786 exemplum
1174 4699 1365 4769 elementiae.
