3332 5318
591 772 677 857 730.
716 773 775 844 De
802 797 829 844 s.
850 772 952 845 Luca
979 799 1032 845 ev.

159 989 238 1056 Ave
260 997 372 1057 sancte
394 989 502 1076 Luca,
526 991 580 1057 dei
839 996 945 1081 Virgo
967 1016 1095 1082 semper
1115 1001 1320 1083 permansisti

204 1098 352 1163 scribens
375 1098 594 1180 evangelium,
883 1108 970 1165 totus
994 1103 1114 1183 corde,
1138 1121 1295 1188 corpore,

159 1200 254 1265 firma
276 1199 342 1265 fide
365 1221 493 1287 semper
515 1204 546 1267 ei
839 1201 942 1267 Paulo
967 1221 1095 1284 quoque
1119 1203 1286 1270 adhaesisti

204 1304 341 1371 exhibes
364 1307 560 1390 obsequium.
885 1307 970 1370 omni
987 1307 1078 1390 loco,
1102 1314 1258 1392 tempore,

159 1469 242 1535 Olim
266 1470 368 1539 dabas
391 1472 589 1538 medicamen
766 1473 786 1536 5
841 1469 901 1546 Qui
922 1471 1038 1535 beatus
1063 1476 1242 1554 occupatur

203 1574 358 1640 morbidis
383 1576 586 1659 corporibus.
883 1574 977 1638 verbi
1000 1573 1172 1655 exercitio,

162 1675 310 1759 spiritale
333 1695 418 1740 nnnc
440 1695 594 1741 sanamen
839 1695 921 1760 ergo
945 1685 1000 1741 tua
1017 1676 1215 1761 praedicatur

203 1777 263 1841 das
284 1777 419 1842 infirmis
443 1778 604 1844 cordibus.
881 1781 953 1846 laus
976 1783 1010 1845 in
1032 1781 1215 1864 evangelio.

160 1942 294 2028 Scripta
314 1951 370 2008 tna
392 1944 553 2010 medicina
838 1946 1015 2013 Pneumate
1039 1948 1135 2013 obisti
1156 1948 1273 2031 plenus

203 2059 278 2114 sunt
300 2051 639 2136 languentis-animae,
746 2055 786 2119 10
884 2051 970 2116 almo
992 2052 1024 2114 in
1047 2043 1217 2134 Bithynia,

158 2174 221 2237 per
245 2174 317 2237 quae
340 2157 447 2239 gratia
469 2155 579 2246 divina
838 2157 930 2222 locus
951 2162 1041 2220 tenet
1062 2163 1095 2220 te
1114 2173 1258 2220 amoenus

203 2266 341 2322 mentem
364 2267 459 2325 sanat
480 2260 599 2324 intime.
881 2260 915 2324 in
938 2260 1064 2325 ooelesti
1085 2260 1201 2344 patria.

158 2419 204 2487 Ut
225 2421 393 2489 dohannes
415 2423 595 2488 increatum
838 2421 960 2488 Sancte
983 2422 1091 2506 Luca,
1114 2443 1175 2506 per
1197 2422 1356 2488 medelam

203 2511 322 2608 aquilae
344 2528 402 2590 sub
425 2527 572 2607 nomine,
881 2532 969 2589 tuam
992 2544 1072 2589 sana
1094 2525 1232 2588 vulnera

157 2636 194 2695 ut
205 2618 390 2710 'Matthaeus
412 2631 613 2696 incarnatum
744 2629 785 2693 15
840 2629 955 2694 mentis
977 2647 1074 2709 mem,
1098 2627 1141 2692 da
1163 2628 1342 2712 cautelam,

204 2733 358 2799 describit
379 2734 412 2797 in
434 2733 577 2817 homine,
881 2752 923 2796 ne
946 2738 1135 2816 rumpantur
1156 2737 1279 2796 vetera.

158 2898 258 2963 Velut
278 2899 409 2963 Marcus
432 2904 656 2982 resurgentem
839 2894 957 2961 Cesset
978 2915 1038 2979 per
1060 2901 1093 2959 te
1115 2892 1219 2959 fastds
1242 2901 1347 2959 tumor
1423 2896 1464 2958 4⁵
1568 2911 1570 2914 ·

114 3087 122 3094 ι
202 3002 263 3066 sub
284 3001 389 3066 leonis
411 3001 523 3084 titulo,
883 3009 916 3065 et
938 3001 1022 3066 livor
1044 2998 1192 3081 invidiae,

158 3105 208 3170 sic
228 3112 264 3169 tn
289 3103 452 3169 Christum
474 3105 665 3169 morientem
838 3105 897 3170 irae
919 3106 1003 3188 iuro,
1027 3104 1133 3169 carnis
1156 3103 1288 3183 humor,

201 3206 354 3290 designas
376 3208 409 3272 in
431 3208 543 3272 vitulo.
742 3208 785 3271 20
882 3206 1022 3288 languor
1044 3203 1297 3287 gastrimargiae,

157 3370 251 3437 Siout
273 3371 356 3435 onim
379 3373 440 3436 bos
462 3378 606 3436 maturus
838 3367 959 3431 Mentis
981 3374 1108 3449 torpor,
1131 3373 1230 3430 tenax
1251 3364 1361 3447 rigor,

202 3483 254 3540 est
276 3474 398 3538 divisus
420 3475 558 3557 ungula,
882 3490 973 3536 amor
996 3471 1204 3553 cenodoxiae,
1423 3471 1465 3534 50

157 3577 202 3644 ad
223 3579 369 3643 laborem
392 3596 518 3642 omnem
541 3576 658 3658 durus,
840 3577 919 3642 assit
941 3576 1095 3661 spiritalis
1117 3577 1215 3658 vigor

202 3681 365 3746 ruminans
387 3702 449 3767 per
471 3683 614 3763 singula:
883 3698 954 3744 oum
977 3677 1079 3742 fluore
1102 3679 1227 3762 gratiae.

157 3844 216 3910 Sic
239 3844 398 3911 discretus
420 3847 454 3908 in
477 3844 630 3928 agendis,
743 3845 785 3907 25
839 3839 873 3908 A
895 3863 946 3907 me
965 3843 1091 3908 hostem
1114 3844 1193 3926 fuga
1215 3851 1354 3927 trucem,

201 3950 295 4013 fortis
318 3950 351 4013 in
373 3950 559 4031 laboribus,
883 3965 998 4031 pacem
1021 3944 1063 4012 da
1086 3948 1284 4031 continuam,

158 4052 322 4118 studiosus
344 4054 377 4117 in
400 4053 580 4119 scribendis
835 4051 934 4135 juxta
954 4069 1071 4116 nomen
1095 4059 1181 4116 tuum
1202 4052 1306 4117 lucem
1424 4053 1465 4114 55

203 4176 239 4220 es
261 4165 405 4222 maturus
426 4158 578 4222 moribus.
884 4173 1067 4237 consequar
1089 4163 1289 4239 perpetuam.

247 4335 443 4390 Reiehenaner
461 4334 509 4390 Hs.
528 4334 582 4390 No.
602 4335 646 4389 36.
665 4329 684 4388 f.
704 4335 756 4388 18n
774 4333 822 4389 des
842 4333 984 4389 noJahrh.
1019 4335 1076 4387 Das
1094 4331 1161 4386 Lied
1180 4332 1219 4387 ist
1236 4347 1292 4387 von
1307 4330 1368 4385 dem
1381 4329 1467 4386 Prior

158 4422 272 4477 Kourat
290 4436 348 4476 von
367 4420 485 4491 Gaming
510 4420 565 4474 und
589 4420 665 4474 steht
690 4421 762 4474 auch
786 4420 814 4474 in
838 4420 890 4474 der
907 4419 1074 4490 Sammlung
1092 4418 1186 4473 seiner
1204 4417 1338 4475 Gediohte
1362 4420 1391 4473 in
1415 4417 1466 4472 der

156 4508 329 4568 Mdnohener
347 4507 394 4562 Hs.
414 4507 481 4563 Glm.
501 4507 553 4564 No.
572 4508 651 4561 3012,

246 4652 282 4705 33
307 4650 421 4721 quibus,
446 4649 512 4720 Hs,
540 4648 601 4706 wol
622 4645 845 4708 Schneibfehlcr.
898 4650 933 4703 35
958 4663 997 4718 go
1016 4648 1063 4701 tir
1082 4661 1170 4718 ergo,
1198 4645 1246 4700 lis.
1300 4646 1335 4701 45
1355 4646 1463 4699 vastus.

157 4739 195 4793 50
212 4735 260 4793 fuir
277 4737 428 4804 κενοδοξία.
759 4757 762 4768 ’
1435 4756 1438 4770 =
