3332 5318
233 381 299 446 {62

233 564 338 649 Laus,
361 565 480 647 bonor,
503 582 626 649 sponso
642 564 802 648 virgiuum
819 565 860 628 25
915 565 968 646 qui
989 582 1049 629 uos
1073 571 1255 628 sanotorum
1279 565 1400 630 moritis

233 689 319 736 nuno
342 677 376 733 et
396 688 458 753 per
481 686 575 731 omne
599 668 772 750 saeoulum,
914 666 987 732 ooeli
1010 665 1188 749 conjungat
1210 665 1346 748 gaudiis.

319 853 514 909 Reiehenaner
531 852 579 907 Hs.
599 853 651 908 No.
670 853 712 906 60.
731 853 775 908 Bl.
792 853 853 906 213.
872 867 923 906 ans
942 813 1003 904 dem
1024 853 1057 904 rt
1074 849 1171 905 Jahrb.

316 980 334 1030 ἵ
352 981 390 1046 et,
408 976 456 1032 Hs.
492 978 509 1032 8
527 965 632 1048 pingit,
651 980 772 1046 serenat,
790 975 840 1030 Hs.

659 1260 744 1334 755.
785 1261 844 1332 De
870 1283 940 1329 una
967 1259 1114 1357 virgine.

383 1477 514 1546 Laudes
537 1480 608 1564 ejus
630 1481 726 1562 virgo
750 1487 841 1544 easta
862 1479 988 1544 recolat
1010 1478 1149 1543 ecelesia

383 1590 418 1648 et
441 1591 602 1667 oouoepta
624 1582 725 1648 eorde
748 1590 827 1647 vota
849 1588 1070 1665 protestentur
1091 1583 1186 1647 labia.

381 1770 445 1836 Uni
468 1771 666 1854 desponsata
687 1771 760 1835 viro
783 1770 903 1854 psallat
927 1789 1000 1835 oum
1022 1771 1162 1854 laetitiae,

379 1874 517 1958 pulohra
539 1874 678 1957 pulchro
700 1874 878 1957 placitura,
903 1875 931 1937 si
954 1873 1077 1939 devitet
1099 1876 1215 1956 turpia.

381 2062 544 2148 Sponsum
566 2081 657 2127 suum
680 2079 801 2146 sponsa
824 2061 935 2126 laudet
958 2068 991 2125 et
1014 2063 1220 2144 epithalamia

380 2186 449 2231 suae
473 2165 732 2250 desponsationis
755 2164 802 2227 illi
821 2172 929 2230 cantet
952 2163 1067 2230 dnloia.

376 2352 485 2439 Super
500 2369 632 2419 omnem
654 2355 782 2420 laudem
807 2355 879 2439 ejus
901 2354 1003 2420 addat
1025 2362 1059 2420 et
1083 2354 1124 2418 de
1146 2355 1271 2437 gretia,

376 2477 441 2540 qua
463 2459 643 2522 conformat
663 2459 724 2521 sibi
746 2477 822 2522 reos
845 2459 1039 2526 reformatos
1060 2456 1164 2521 venit.

327 2680 329 2686 ·
374 2646 468 2712 Hune
490 2647 647 2712 honorem
669 2647 731 2713 sibi
753 2650 869 2730 quaerit
891 2648 1019 2714 ethaeo
1042 2646 1269 2732 superomnia

374 2750 458 2833 legis
481 2751 674 2818 holocausta
694 2751 820 2834 planet,
844 2751 943 2834 digna
967 2750 1099 2820 laudum
1121 2750 1244 2832 hostin,

372 2937 444 3002 Illio
465 2938 528 3002 iter
552 2956 616 3020 quo
640 2937 782 3003 deducat
804 2957 955 3023 sponsam
979 2939 1022 3004 ad
1045 2940 1164 3006 cubilia

371 3047 406 3103 et
429 3040 581 3106 ostendat
603 3040 790 3125 salutarem,
815 3043 897 3107 sieut
920 3045 1024 3108 estin
1048 3044 1162 3126 gloria.

368 3229 451 3294 Nam
475 3197 508 3292 et
529 3229 602 3328 haeo
624 3232 721 3294 beata
743 3231 852 3312 virgo,
876 3231 968 3315 eujus
991 3233 1137 3296 natalitia

368 3332 590 3416 celebramus,
612 3354 674 3417 per
696 3331 768 3398 hoen
790 3334 862 3418 ipsa
884 3335 1014 3418 laudum
1039 3335 1199 3400 sacrificia

363 3519 441 3605 Ipso
463 3521 546 3588 duee
559 3559 561 3564 .
565 3523 635 3608 jam
658 3527 809 3608 pervenit
832 3523 874 3590 ad
897 3525 968 3608 ejus
988 3526 1127 3608 palatia,

366 3625 422 3689 ubi
445 3632 552 3708 tenet,
576 3645 649 3711 quae
673 3632 842 3713 sperabat,
865 3630 1066 3713 repromissa
1086 3632 1220 3713 praemia

363 3807 407 3875 Et
426 3811 497 3894 jam
520 3815 638 3891 cernit,
663 3836 735 3897 quae
759 3819 942 3901 quaerebat,
967 3813 1041 3883 dum
1062 3841 1124 3904 per
1145 3820 1219 3885 haeo
1241 3822 1338 3885 exilia

364 3916 441 3997 agni
462 3918 534 3993 veri
555 3920 752 4001 sequebatur
776 3941 975 4006 quaeounque
999 3926 1147 4008 vestigia.

362 4103 457 4182 Quod
479 4122 545 4184 uon
567 4107 637 4170 sine
659 4107 811 4191 virginali
833 4121 943 4196 potest
967 4115 1162 4178 eontinentia

360 4214 558 4290 ceterorum,
582 4210 635 4292 qui
658 4219 834 4294 sequuntur
856 4235 993 4298 agnum,
1017 4217 1119 4281 virtus
1142 4217 1214 4282 alia.

359 4377 451 4463 Ergo
475 4380 549 4446 dum
571 4385 800 4466 peregrinatur
823 4394 973 4468 erratque
996 4407 1057 4471 per
1080 4387 1193 4470 devia,

358 4482 457 4568 hujus
479 4485 557 4550 vitae
580 4503 700 4571 sponsa
723 4487 938 4554 Christibaec
961 4493 1184 4576 oorrnptibr'lia

356 4652 465 4719 Corde
488 4664 640 4740 spernat,
663 4677 722 4740 spe
746 4667 899 4743 sequatur
922 4661 964 4726 ad
986 4664 1185 4730 inmutabilia

351 4777 489 4841 agnum,
513 4761 569 4842 qui
590 4762 779 4828 remissione
802 4765 886 4829 tollit
908 4766 1017 4832 mundi
1039 4767 1129 4834 vitia.
