3308 5310
473 1000 1086 1115 flulhlulomhlmuus.

728 1230 826 1240 n·—

226 1357 312 1430 621.
334 1357 475 1431 ¹Oratio
502 1361 546 1432 ad
574 1362 751 1438 domiuum
776 1378 813 1442 et
839 1371 885 1442 ad
910 1397 1031 1444 omnes
1057 1383 1198 1445 sanctos
1224 1372 1311 1472 ejus.

119 1573 222 1659 Deus,
245 1586 340 1662 pater
363 1581 578 1668 credentium,

120 1681 208 1744 salus
230 1681 263 1745 in
285 1692 318 1747 te
342 1689 554 1772 sperantium,

119 1783 239 1847 exaudi
260 1805 379 1868 preces
402 1791 541 1874 servuli,

120 1902 199 1965 quas
222 1885 325 1951 tundit
344 1877 448 1954 ¹corde
471 1893 618 1975 supplici.

118 2049 181 2114 Fili
205 2050 257 2115 dei
279 2053 437 2137 piissime,
723 2065 743 2126 5

118 2153 270 2235 dignatus
292 2159 382 2222 nasci
405 2160 548 2243 virgine,

118 2257 238 2321 exaudi
260 2260 368 2325 cordis
391 2262 529 2329 hostiam

116 2360 219 2442 patris
234 2362 361 2427 sedens
384 2366 426 2430 ad
449 2367 626 2435 dexteram.

116 2521 297 2590 Amborum
319 2537 431 2593 sancte
454 2533 603 2618 spiritus,

116 2628 243 2692 dextrae
267 2629 322 2693 dei
343 2638 378 2696 tu
400 2631 538 2719 digitus,
700 2643 741 2706 10

115 2733 230 2796 mentis
254 2743 382 2800 secreta
405 2738 503 2802 visita

114 2842 234 2918 tuaque
256 2838 349 2922 reple
371 2841 487 2922 gratia.
569 2843 572 2848 ’

114 2997 268 3066 Personis
290 3011 404 3067 sancta
426 3005 569 3090 trinitaS,

115 3102 173 3166 sed
197 3103 318 3168 deitate
341 3108 464 3190 unitas,

115 3205 231 3271 adesto
253 3209 334 3271 meis
355 3213 523 3297 precibus,
700 3219 739 3279 15

114 3311 199 3379 votis
221 3311 336 3376 favens
359 3317 566 3400 supplicibus,

113 3469 212 3554 Auge
236 3472 347 3557 fidem,
371 3483 405 3540 tu
428 3477 574 3560 trinitas,

114 3595 205 3661 spem
229 3598 330 3661 auge,
355 3588 469 3646 sancta
486 3583 609 3666 unitas,

113 3687 149 3744 ut
171 3687 204 3744 te
226 3681 378 3765 colendo,
403 3684 521 3766 deitas,

113 3801 165 3846 me
188 3773 295 3849 firniet
317 3793 372 3850 tua
395 3789 523 3852 caritas.
651 3819 654 3822 ·
697 3795 740 3859 20

115 3947 176 4024 Qui
199 3947 409 4016 deus-bomo
433 3953 550 4020 diceris

114 4062 267 4120 etvetus
290 4057 386 4122 homo
410 4063 570 4143 nosceris,

113 4168 273 4225 memento
298 4163 362 4226 mei
384 4163 539 4248 hominis,

113 4280 184 4326 cnm
202 4263 355 4346 judicare
375 4269 517 4332 veneris.

111 4421 148 4486 ln
170 4424 248 4500 hoc,
270 4427 358 4509 quod
380 4449 492 4494 manes
516 4432 636 4517 deitas,
697 4437 738 4500 25

110 4529 223 4594 reatds
247 4529 321 4594 dele
344 4535 504 4619 sarcinae,

111 4638 146 4695 ut
168 4631 247 4715 hoc,
273 4634 361 4716 quod
385 4656 422 4700 es
444 4638 655 4727 humanitas,

112 4731 153 4794 ad
176 4753 228 4797 me
251 4733 405 4802 deflectat
428 4739 544 4823 pietas.

154 4864 239 4924 Morte,
254 4867 341 4914 tutela.
356 4870 481 4928 llymuen.
498 4875 542 4920 111.

796 1596 944 1679 Regnum
963 1596 1082 1680 jurasti
1105 1595 1269 1679 patribus,

796 1700 970 1784 promisisti
993 1701 1204 1784 sequacibus,
1378 1695 1421 1760 30

796 1812 831 1868 ut
853 1811 1002 1894 servetur
1024 1803 1213 1888 promissio,

795 1927 931 1988 regnum
954 1905 1098 1970 concede
1120 1905 1249 1970 famulo.

796 2068 964 2135 Concedat
987 2077 1042 2134 tua
1063 2070 1188 2152 pietaS,

796 2193 869 2257 quaa
892 2171 1040 2255 deposcit
1062 2171 1240 2252 humilitas,

794 2285 830 2342 ut
851 2275 938 2360 quod
960 2275 1108 2358 promisit
1128 2275 1265 2356 caritas,
1375 2273 1418 2335 35

795 2387 988 2462 assequatur
1010 2378 1184 2442 hereditas.

793 2543 915 2625 Maria,
938 2543 1034 2624 virgo
1056 2541 1234 2623 virginum,

793 2646 1025 2730 redemptionis
1049 2644 1182 2722 ostium,

793 2758 890 2835 porta
912 2749 1025 2813 salutis
1047 2750 1193 2830 integra,

793 2856 895 2939 lapsis
918 2854 1079 2918 cervicem
1102 2851 1223 2915 releva.
1377 2849 1420 2914 dd

793 3017 921 3083 Petenti
942 3036 1070 3080 manum
1093 3015 1243 3099 porrige,

794 3121 911 3204 quietis
933 3139 1028 3204 opem
1047 3121 1153 3183 tribue

793 3233 826 3288 et
845 3243 908 3307 per
930 3231 1017 3287 tuum
1041 3223 1193 3302 auxilium

792 3322 927 3411 placare
951 3346 1029 3391 cura
1051 3325 1159 3389 lilium.

793 3491 920 3574 Regina
942 3489 1031 3571 coeli,
1055 3488 1202 3568 domina,
1363 3486 1419 3551 ,ts

793 3602 897 3657 mater
919 3590 973 3655 dei
996 3591 1189 3670 castissima,

794 3703 829 3761 ut
850 3714 963 3758 manus
986 3699 1121 3777 praestet
1143 3691 1217 3772 filii,
1451 3778 1454 3784 .

794 3797 881 3881 quod
904 3814 1019 3860 servus
1041 3794 1163 3878 poscit,
1186 3792 1331 3858 subveni.

794 3961 842 4027 'l'u
864 3960 1007 4026 Michael
1029 3958 1247 4040 archangele,

794 4063 869 4128 coeli
890 4064 1042 4147 princeps
1065 4060 1205 4141 mihtiae,
1376 4053 1421 4120 50

794 4183 853 4229 ora
876 4163 1036 4243 draconis¹
1050 4168 1203 4242 concute,
1224 4186 1226 4192 ·

793 4289 838 4332 ne
857 4274 996 4334 noceant
1018 4269 1050 4330 in
1072 4267 1216 4330 vulnere.

793 4435 959 4517 Interpres
980 4431 1033 4496 dei
1055 4429 1189 4495 Gabriel

792 4547 825 4603 et
847 4533 1181 4624 medicinahllaphael

793 4660 865 4707 cum
888 4625 1055 4705 cherubim
1078 4646 1112 4703 et
1134 4635 1313 4719 seraphim,
1369 4627 1419 4690 5⁵

719 4777 722 4784 ¹
793 4745 897 4810 hostis
920 4751 1037 4810 necate
1059 4743 1218 4806 haeresim.
1260 4797 1261 4802 ,

1164 4851 1183 4909 1
