3294 5316
552 724 661 800 1163.
701 725 759 796 De
784 725 983 798 inventione
1010 747 1038 794 s.
1063 719 1246 820 Stephani.
1272 828 1275 834 ,

247 932 335 999 Deus
359 933 510 1016 deorum,
533 933 674 1016 domine,
925 925 999 993 Jam
1022 933 1246 1011 protomartyr
1267 923 1453 1011 Stephane,
1473 961 1478 968 ·

248 1055 309 1099 rex
331 1036 539 1120 sempiternae
562 1035 694 1118 gloriae,
925 1051 1043 1118 preces
1066 1032 1203 1098 devotas
1227 1036 1353 1118 accipe,

248 1157 309 1202 rex
331 1139 524 1205 invictorum
545 1140 693 1222 militum,
790 1133 794 1142 '
926 1135 1043 1219 quibus
1064 1155 1125 1220 per
1147 1143 1180 1201 te
1203 1155 1263 1202 nos
1286 1156 1475 1220 quaesumus

248 1260 379 1308 carmen
401 1243 519 1310 exaudi
542 1245 732 1328 supplicum.
767 1297 771 1306 .
925 1241 989 1305 deo
1010 1241 1138 1326 placari
1160 1242 1319 1314 coelitus,
1516 1245 1565 1308 20
1624 1259 1626 1378 y

250 1407 353 1472 Terra
375 1414 491 1490 tegens
515 1407 738 1474 absconditum
854 1407 873 1468 5
926 1403 1027 1483 Quem
1049 1423 1111 1489 pro
1129 1406 1395 1490 persecutoribus

250 1511 354 1577 dulcis
377 1510 522 1575 thesauri
543 1503 701 1596 pretium,
864 1521 868 1532 ·
925 1508 1121 1575 exaudiebat
1147 1509 1309 1593 domium,
1625 1543 1626 1550 .

248 1613 381 1678 invento
404 1621 647 1698 protomartyre
926 1618 960 1674 et
980 1628 1042 1694 pro
1065 1612 1128 1675 tuis
1150 1612 1350 1697 supplicibus
1625 1557 1626 1652 i

247 1717 367 1782 mundo
388 1717 498 1782 reddit
520 1736 612 1802 spem
634 1714 759 1800 gloriae.
925 1712 1078 1778 exaudiet
1099 1715 1270 1799 propitius.

247 1878 366 1945 Omnes
389 1879 509 1944 devote
531 1885 692 1961 martyres
925 1875 1057 1960 Vosque
1076 1877 1191 1963 juncto
1213 1877 1409 1964 Nicodemo,
1513 1883 1561 1944 25

245 1982 377 2047 laudate
400 1988 695 2066 protomartyrem,
832 1975 872 2038 10
926 1978 1084 2046 Gamaliel
1106 1989 1138 2047 et
1160 1979 1291 2066 Abibo,

244 2085 364 2149 vestris
387 2083 504 2166 dignus
528 2091 560 2148 et
581 2082 746 2163 laudibus,
924 2100 985 2166 pro
1009 2082 1073 2146 fine
1096 2083 1166 2148 sine
1188 2085 1378 2150 excessibus

245 2185 349 2250 vestri
372 2185 436 2251 dux
459 2186 538 2252 belli
558 2185 710 2270 praevius.
924 2183 1021 2248 finem
1043 2201 1109 2249 non
1132 2184 1208 2250 date
1231 2185 1393 2269 precibus.

246 2350 393 2426 Donatur
414 2351 537 2438 primus
558 2346 673 2434 laurea
925 2348 1056 2415 Summo
1079 2352 1218 2444 parenti,
1231 2352 1337 2434 gloria

245 2454 279 2518 in
302 2449 373 2520 acie
397 2454 573 2536 dominica,
924 2462 1064 2537 natoque
1087 2454 1159 2520 laus
1182 2475 1278 2539 quam
1300 2455 1440 2522 maxima
1512 2459 1555 2521 30

247 2577 342 2641 quem
364 2563 562 2643 prostratum
584 2556 747 2644 lapidibus
831 2555 873 2641 15·
925 2576 997 2622 cum
1020 2566 1133 2623 sancto
1157 2558 1198 2623 sit
1211 2559 1393 2644 ‘spiramine

246 2659 300 2723 dei
322 2662 497 2746 assumpsit
519 2659 613 2724 filius.
924 2678 1009 2724 nuuc
1032 2666 1065 2723 et
1087 2680 1148 2743 per
1171 2657 1265 2725 omne
1287 2660 1448 2726 saeculum.

332 2844 381 2900 Hs.
401 2862 437 2900 zu
454 2846 590 2902 bliinchcn
613 2845 682 2901 Glm.
700 2845 796 2898 17615.
820 2843 869 2898 des
889 2844 923 2896 11
940 2843 1038 2898 Jahrb.
1064 2846 1137 2914 (Α),
1174 2845 1221 2902 bei
1247 2845 1328 2902 Bebet
1355 2843 1375 2900 f.
1406 2848 1463 2918 (B)
1498 2847 1555 2902 und

245 2931 383 3003 11991911,
400 2934 454 2988 289
472 2935 537 3004 (D).
571 2932 700 2990 Breviar.
719 2934 864 2989 Constant.
880 2947 938 2988 von
957 2934 1034 2987 1195.
1053 2930 1073 2990 f.
1089 2936 1141 2988 351
1162 2934 1223 3004 (Ε).

335 3058 349 3108 1
369 3060 481 3112 tuorum
498 3055 518 3112 1.
536 3058 614 3113 deor.
633 3059 666 3112 A.
693 3059 710 3111 9
729 3055 898 3111 invictorum
916 3071 997 3126 quam
1015 3055 1046 3125 Ε,
1065 3056 1166 3111 besser
1184 3089 1216 3100 -
1232 3073 1293 3128 que.
1321 3057 1338 3111 6
1356 3056 1552 3113 thesaurarit.
1624 3055 1625 3060 ’

246 3143 264 3198 8
290 3143 392 3214 gratiae
422 3145 477 3199 Bo.
531 3146 548 3199 9
575 3144 671 3200 devoti
697 3143 776 3198 BDE.
830 3145 865 3197 12
892 3141 1043 3213 assumpsit
1071 3143 1115 3198 dei
1139 3140 1215 3199 filins
1233 3145 1264 3199 E.
1319 3145 1353 3198 13
1371 3145 1497 3214 ponatur
1515 3143 1551 3198 A.

246 3231 353 3284 13-16
371 3228 466 3287 feblen
484 3232 515 3286 Ε.
553 3232 586 3285 19
605 3231 754 3301 querneus
772 3231 803 3285 E.
838 3231 874 3284 23
893 3230 950 3285 suis
969 3231 1000 3299 Ε,
1018 3231 1180 3310 propiccius
1200 3230 1354 3301 supplicius
1372 3232 1406 3285 A.
1442 3231 1552 3284 25-32

246 3315 342 3374 fehlen
359 3319 390 3376 E.
426 3321 462 3375 26
475 3317 586 3374 Abibon
599 3318 682 3373 ABD.
716 3320 753 3373 27
769 3334 825 3391 pro
838 3317 938 3389 populi
951 3318 1112 3373 excessibus
1131 3319 1187 3374 BD.
1222 3319 1258 3372 29
1272 3318 1325 3373 deo
1339 3318 1416 3388 patri
1428 3323 1482 3373 ete.
1494 3317 1551 3374 ΑΕ.

245 3408 280 3461 31
299 3406 412 3463 besser:
431 3406 580 3489 paraclito.
617 3408 652 3461 32
670 3407 784 3462 bosser:
802 3406 831 3460 in
848 3405 923 3462 omni
940 3405 1055 3461 saeculo.

333 3547 466 3603 llinnelne
481 3548 625 3620 Strophen
643 3549 735 3604 diesen
749 3548 848 3604 Liedes
867 3546 984 3603 worden
1003 3548 1075 3604 auch
1087 3546 1261 3618 verweodet,
1280 3562 1327 3600 um
1345 3545 1451 3601 danaus
1469 3547 1550 3602 einen

246 3635 371 3714 Hymnus
389 3635 444 3692 auf
457 3637 514 3692 alle
531 3638 660 3712 Heiligen
679 3655 714 3694 nu
731 3638 855 3692 macheu.
892 3637 921 3694 S.
940 3637 1013 3693 oben
1032 3636 1060 3693 S.
1080 3638 1121 3692 18.
1621 3629 1624 3818 y

375 4051 380 4062 1
438 3939 547 4016 1164.
581 3943 640 4012 De
666 3941 865 4012 inventione
887 3963 913 4010 s.
937 3936 1118 4036 Stephani.
1155 3939 1349 4038 sequentia.

244 4139 434 4211 Exultemus
456 4150 490 4208 et
512 4143 681 4224 laetemuur
783 4223 788 4234 .
920 4137 967 4206 Ut
986 4160 1047 4223 per
1067 4157 1125 4203 eos
1139 4145 1325 4203 'renovetur

244 4265 285 4314 ac
306 4245 339 4312 in
362 4246 425 4312 deo
448 4248 664 4330 gloriemur,¹
885 4291 887 4296 .
920 4241 1016 4307 bomo
1038 4249 1133 4308 vetus
1156 4249 1189 4306 et
1209 4242 1367 4306 formetur

287 4348 341 4430 qui
363 4363 414 4416 est
435 4367 518 4414 vera
538 4347 663 4432 gloria,
964 4346 998 4410 in
1020 4345 1173 4426 cordibus
1195 4345 1334 4427 caritas,

244 4509 308 4576 Per
327 4530 421 4594 quem
444 4512 538 4578 nobis
561 4519 635 4578 sunt
658 4514 745 4581 beati
920 4507 963 4575 Et
984 4528 1037 4574 vae
1061 4506 1182 4592 duplex
1205 4505 1369 4589 deleatur,
1506 4508 1547 4572 10

242 4613 306 4679 hac
327 4615 360 4678 in
379 4614 436 4679 die
458 4616 597 4681 revelati
847 4617 866 4680 5
919 4631 995 4679 roro
1019 4612 1092 4678 coeli
1114 4617 1352 4696 conspergatur

283 4716 388 4783 sancti
409 4718 508 4803 plena
530 4722 655 4807 gratia,
963 4727 1084 4786 nostrae
1106 4727 1205 4786 terrae
1229 4719 1368 4784 siccitas.
