3294 5322
1362 367 1429 434 ⁴11
1444 387 1452 402 ·

127 557 271 626 Gareere
293 557 421 624 demum
442 559 598 627 66ιί666,
654 589 656 594 ·
806 557 928 625 liberes
950 559 992 624 ab
1016 557 1103 621 omni
1124 575 1204 623 6666

125 665 199 730 vasi
219 683 314 748 equae
342 682 378 729 66
400 663 542 728 immissa
850 667 883 724 et
906 680 926 725 6
948 664 1064 726 caneto
1087 659 1231 740 seelera,
1389 657 1431 720 66

170 767 334 852 eolligatis
354 766 518 850 manibus,
710 765 751 828 65

125 870 160 934 in
182 886 246 952 quo
269 868 408 934 deusto
430 867 576 956 servevit
685 921 687 924 ,

127 978 162 1035 et
182 971 318 1034 illaesam
340 969 553 1054 praesentavit
592 993 595 1000 ⁴

172 1073 244 1157 ejus
267 1073 491 1140 tribunalibus.

806 823 915 891 Acin
936 841 1019 887 66666
1041 821 1258 886 6666616666

749 946 755 956 ·
808 927 890 992 assis
911 927 988 991 mihi
1010 927 1079 991 eine
1102 944 1209 1007 mora,

850 1047 913 1094 666
935 1049 986 1094 me
1008 1029 1096 1094 siuas
1118 1028 1242 1093 laedere

808 1153 828 1198 a
850 1134 995 1218 peccatis
1018 1133 1255 1229 damnatorum,

128 1257 197 1326 Sed
220 1260 379 1344 praefecto
401 1261 465 1326 hoo
485 1260 617 1327 vident„
808 1236 866 1303 sed
889 1238 922 1301 in
944 1238 1051 1303 locum
1073 1239 1243 1301 beatorum
1387 1234 1429 1296 65

128 1364 217 1428 visus
241 1372 292 1429 est
314 1364 454 1430 stridere
477 1364 574 1430 dente
711 1369 752 1430 50
850 1361 902 1404 ¹³¹⁰
925 1339 1089 1424 ⁰⁰¹¹j¹¹¹¹ss⁹
1111 1357 1263 1424 P10P0r0·

171 1466 205 1529 in
227 1473 260 1531 66
283 1465 404 1531 claram
427 1486 567 1550 genere,
1064 1445 1175 1492 -’··

129 1567 286 1634 decollari
308 1577 341 1634 te
363 1571 539 1654 praeeepit‚
806 1557 1014 1640 Margareta,
1036 1563 1140 1619 mater
1163 1553 1261 1634 alma,

129 1672 267 1736 animam
289 1679 376 1737 tuam
399 1674 544 1756 suscepit
808 1682 881 1747 quae
903 1661 1010 1744 fulges
1033 1660 1159 1726 ooelesti
1181 1653 1290 1742 palmd

175 1774 319 1841 dominus
341 1777 375 1841 in
398 1777 530 1862 aethere,
806 1767 839 1830 in
862 1772 1041 1864 conspeetu
1063 1763 1176 1828 summi
1197 1761 1303 1844 regis,

805 1886 927 1934 memor
951 1873 1021 1932 esto
1044 1868 1089 1932 tui
1108 1865 1234 1949 gregis,
1388 1861 1430 1924 70

1454 1546 1475 1585 ’6.

131 1965 237 2045 Quare
259 1975 347 2033 tuum
369 1969 590 2041 venerandum
711 1972 752 2033 55
804 1976 841 2035 ut
861 1967 917 2034 tud
938 1965 1081 2052 benignd
1102 1986 1204 2052 prece

129 2087 247 2136 nomen
270 2080 369 2154 atque
391 2073 627 2158 implorandum
806 2074 971 2167 erimiqum
994 2070 1136 2157 purgatd
1157 2072 1241 2135 feeee

172 2177 282 2258 rogito
305 2196 523 2262 summopere,
807 2176 849 2241 de
871 2177 991 2240 virtute
1012 2175 1047 2240 in
1069 2175 1221 2239 virtutem

131 2286 289 2362 quatenus
311 2300 363 2344 me
386 2281 481 2364 virgo
504 2301 587 2365 pura
808 2279 995 2362 gradiamur
1017 2277 1060 2342 ad
1082 2277 1227 2342 salutem.
1262 2293 1364 2338 amen.

221 2461 268 2518 Hs.
288 2478 323 2517 66
342 2463 499 2518 Karlsruhe
517 2478 545 2520 0.
553 2463 608 2517 No.
619 2477 684 2518 ¹von
692 2463 770 2518 1666.
790 2462 834 2518 Bl.
844 2463 889 2518 93.
925 2460 975 2516 Die
993 2459 1194 2516 Sehluesveree
1212 2457 1319 2512 63-76
1332 2455 1431 2513 6661666

133 2550 212 2605 nieht
236 2549 418 2606 unmittelbar
436 2550 508 2606 nach
522 2549 584 2604 dem
603 2549 708 2622 obigen
725 2550 826 2618 Liede‚
842 2548 980 2604 sondern
998 2547 1177 2602 dezwisehen
1194 2543 1239 2598 die
1257 2544 1428 2614 Antiphone,

130 2637 182 2693 das
200 2637 423 2708 Responsorium
445 2637 497 2692 mit
518 2637 580 2690 dem
603 2637 694 2692 Verso
718 2637 774 2692 und
799 2638 924 2694 0666666.
969 2635 1021 2689 Die
1038 2633 1211 2704 Abtheilung
1235 2631 1285 2686 der
1309 2629 1429 2687 6666666

130 2725 170 2782 ist
187 2725 272 2780 theile
290 2727 364 2782 66666
382 2725 450 2796 dmi,
468 2725 555 2781 theils
573 2725 647 2780 nach
665 2726 746 2781 66666
764 2725 875 2780 Versen
893 2723 1051 2796 angezeigt„

220 2848 253 2900 11
272 2845 415 2912 redemta,
434 2847 483 2902 Hs.
519 2849 553 2900 12
571 2846 658 2915 mire,
677 2847 725 2902 Hs.
755 2848 790 2900 25
808 2849 866 2901 tum
879 2841 898 2900 f.
912 2849 951 2914 tu,
971 2844 1011 2899 sie
1025 2841 1096 2900 fehlt
1109 2843 1157 2898 Hs.
1189 2843 1225 2896 26
1242 2841 1368 2911 instanti,
1383 2843 1432 2898 116.
1521 2836 1522 2840 ’

131 2939 180 2989 tea
198 2931 277 2988 fehlt.
319 2933 354 2989 29
373 2932 482 2989 doloris
501 2931 522 2988 f.
539 2949 624 3006 agon.
642 2931 691 2989 Hs.
735 2934 771 2988 33
789 2947 966 3004 percussam,
984 2929 1033 2987 Hs.
1077 2933 1113 2985 36
1131 2946 1203 3002 aque
1224 2943 1327 2984 caesam
1346 2930 1433 3002 depo·

130 3020 303 3092 6666661666
337 3022 373 3074 35
391 3019 577 3089 recludentes,
596 3020 644 3075 He.
679 3021 715 3076 36
732 3019 782 3089 ibi,
800 3018 849 3076 He.
883 3021 919 3074 63
938 3019 1055 3096 carceri,
1075 3019 1123 3074 fle.
1157 3009 1193 3072 66
1209 3021 1276 3072 ande
1293 3015 1314 3072 f.
1329 3015 1432 3089 6661.

129 3109 167 3164 66
184 3109 242 3178 ius,
260 3109 309 3164 He.
365 3109 401 3162 56
419 3109 611 3177 adorandum,
629 3107 694 3178 Han,
725 3108 776 3164 dae
794 3106 930 3179 fulgendo
948 3107 1045 3179 rogito
1066 3106 1143 3178 zeigt
1160 3104 1245 3176 aber,
1272 3106 1339 3165 dass
1357 3105 1433 3177 impl.

130 3194 314 3254 6666666611.
350 3197 386 3250 57
404 3211 510 3253 summo
529 3212 625 3268 opere,
643 3195 691 3253 lle.
726 3197 763 3252 66
780 3211 799 3251 6
816 3193 898 3252 fehlt.

218 3319 269 3375 Die
287 3318 439 3375 Verstdsee
462 3335 556 3392 gegen
579 3319 623 3375 die
640 3317 853 3392 Spraehregeln
875 3318 908 3376 V.
926 3319 968 3373 66.
987 3319 1023 3372 63
1047 3317 1146 3374 166666·
1165 3317 1225 3372 sich
1249 3316 1299 3372 des
1318 3315 1429 3372 Reimee

130 3423 232 3480 wegen
250 3408 327 3466 nieht
345 3409 459 3466 dndern.

536 3761 645 3840 1050.
679 3763 739 3836 De
765 3787 792 3834 6.
818 3709 1034 3860 Murgan-ete.

132 4004 162 4066 1.
192 3999 283 4069 Luce
305 4001 421 4068 mentis
444 4008 477 4066 et
499 4001 620 4067 decore
685 4091 688 4098 ’
869 3999 944 4064 haee
967 4005 1017 4063 est
1039 3997 1138 4081 enim,
1160 4016 1234 4081 quae
1257 3996 1394 4062 nesoivit

196 4103 292 4184 virgo
314 4104 419 4168 noetis
441 4103 474 4166 in
498 4103 641 4167 elamore
911 4101 1038 4166 thorum
1059 4120 1119 4185 per
1141 4101 1325 4183 lasciviam,

237 4207 343 4288 sursit
364 4201 442 4289 aete
463 4206 628 4290 lampade,
874 4240 977 4306 donet
996 4241 1069 4323 66,
1092 4258 1187 4323 quem
1210 4240 1339 4323 dilexit,
1386 4239 1425 4303 10

197 4341 293 4407 Patet
315 4342 407 4423 aula,
428 4362 489 4407 rex
510 4343 544 4406 in
566 4350 663 4426 porta
874 4343 960 4408 hane
982 4343 1131 4409 dilectam
1153 4363 1213 4408 rex
1234 4343 1358 4411 invexit

197 4447 300 4529 bysso
323 4441 439 4509 videns
460 4446 545 4511 hane
566 4451 690 4513 retorta
736 4449 755 4510 5
912 4448 1084 4514 incedam
1105 4448 1270 4514 vinariam.

237 4556 448 4632 ornatamque
471 4548 618 4633 cyclade.
643 4611 645 4614 .
946 4616 949 4623 ,
1131 4538 1133 4541 ’

515 4695 518 4700 .
807 4640 837 4706 6.
869 4637 988 4725 Empta
1010 4639 1135 4724 pridem
1156 4638 1333 4721 margarita

131 4743 162 4808 2.
194 4738 275 4826 Ejus
297 4740 434 4806 formam
456 4739 655 4826 concupivit,
873 4741 1096 4826 sieprobata,
1118 4739 1304 4824 diopolita,
1406 4777 1409 4784 ·
