3294 5316
117 529 184 614 Eja
207 530 281 596 ooeli
303 547 363 592 nos
386 527 539 593 fecundet
799 526 942 611 Praesta,
964 522 1059 614 pater
1082 536 1179 611 atque
1201 535 1294 612 nate,

118 653 215 716 rore,
239 634 319 698 ioris
341 633 426 696 intus
449 631 589 711 mundet,
705 669 707 674 .
801 631 913 697 confer
935 633 1066 716 spiritus
1088 635 1200 714 beate,

119 737 289 819 sanctique
313 736 445 819 spiritus
467 733 602 800 mundet
705 736 747 800 30
801 737 966 803 amborum
988 755 1092 801 nexus
1116 744 1248 820 ornate,

165 837 266 904 corde
289 845 399 901 nostra
425 837 567 902 dulcore.
845 844 960 902 cuncta
982 856 1102 920 regens
1121 838 1251 902 saeoule.
1384 843 1427 905 35

208 1035 256 1092 Hs.
275 1053 310 1090 nu
332 1035 361 1091 S.
379 1035 451 1090 Paul
470 1035 498 1088 in
517 1035 645 1090 Kirnten
663 1037 716 1092 Ne.
732 1042 773 1094 13.
792 1037 812 1094 f.
833 1042 891 1094 113.
911 1040 960 1094 des
981 1041 1013 1094 15
1031 1039 1130 1096 dahrln

210 1161 276 1240 det
294 1159 379 1214 emitt.
397 1159 444 1213 lls.
491 1161 524 1211 15
543 1159 648 1229 doleo,
666 1159 714 1216 Hs.
758 1163 792 1217 19
807 1163 922 1234 juncta,
941 1163 988 1218 lls.
1024 1155 1061 1218 20
1078 1165 1187 1235 palma,
1206 1163 1254 1219 Hs.
1291 1167 1327 1218 21
1345 1166 1427 1222 salva
1475 1216 1480 1232 ,

121 1281 155 1292 -
174 1248 276 1316 mnndi,
294 1248 342 1302 lls.
379 1242 422 1300 21
433 1251 556 1316 aspreta,
575 1247 623 1302 lle.
658 1247 694 1302 28
713 1252 741 1303 et
758 1245 778 1303 f.
798 1250 854 1322 eja,
872 1250 919 1305 lle.
957 1252 993 1304 31
1011 1249 1156 1320 ordinate,
1175 1251 1232 1320 lls,
1252 1251 1349 1307 besser
1368 1268 1425 1307 am-

119 1337 220 1392 bobus.

457 1656 566 1729 1200.
602 1657 808 1758 flympnum
834 1659 870 1726 in
895 1681 921 1727 s.
948 1653 1104 1728 Victore.

9 1894 11 1900 ’
123 1892 250 1975 Victor,
272 1893 399 1978 Nabor‚
422 1893 517 1959 Felix
539 1896 603 1978 pii¹
799 1895 943 1962 Profecit
965 1898 1007 1963 ad
1029 1897 1127 1960 fidem
1149 1895 1245 1960 labor
1299 1885 1304 1898 ⁸

121 1995 298 2062 Mediolani
321 2006 394 2063 sunt
415 2007 590 2082 martyres,
800 1999 962 2083 armisque
986 2000 1074 2065 docti
1095 1999 1220 2063 bellicis

121 2101 193 2164 solo
215 2100 377 2184 hospiteS‚
401 2101 507 2166 Mauri
526 2119 644 2185 genus,
799 2122 860 2186 pro
883 2124 963 2186 rege
985 2103 1085 2167 vitam
1108 2093 1267 2185 ponere‚'

120 2204 282 2284 terrisque
304 2205 424 2267 nostris
447 2204 594 2269 advenae.
801 2206 921 2271 docere
942 2202 1004 2290 pro
1028 2204 1158 2269 Christo
1180 2205 1257 2287 pati.
1382 2205 1425 2268 2⁰

121 2391 265 2458 Torrens
287 2412 389 2483 arena
411 2411 492 2475 quos
515 2395 620 2477 dedit,
726 2399 745 2458 5
799 2396 873 2462 Non
896 2398 962 2461 tela
985 2404 1133 2479 quaerunt
1155 2396 1278 2478 ferrea,

121 2497 240 2562 anhela
263 2496 342 2561 eolis
364 2498 526 2578 aestubus,
658 2545 661 2548 -
799 2517 865 2563 non
889 2497 1121 2586 arma-Christi
1143 2499 1282 2581 milites,

121 2606 267 2663 extrema
291 2606 388 2664 terrae
410 2597 520 2662 finium
799 2602 938 2666 munitus
962 2601 1058 2666 armis
1081 2601 1226 2667 ambulat
1379 2673 1382 2676 ,

121 2701 262 2784 exulque
283 2702 387 2767 nostri
408 2701 553 2784 nominis,
799 2725 912 2770 veram
934 2703 1032 2770 tidem
1054 2707 1108 2788 qui
1130 2704 1286 2789 possidet

122 2888 274 2976 Suscepit
297 2893 442 2976 hospites
464 2892 575 2958 Padus
799 2895 933 2970 Scutum
956 2917 1016 2962 sua
1038 2906 1088 2962 est
1110 2918 1224 2963 verum
1245 2895 1328 2964 fides
1383 2897 1425 2960 25

121 2996 272 3062 mercede
294 3017 414 3079 magna
433 2996 616 3080 sanguinis,
705 2995 746 3086 10
799 3009 833 3066 et
847 3020 934 3066 mors
948 3001 1144 3086 triumphus,
1164 3021 1259 3084 quem
1272 2999 1423 3066 invidens

122 3107 234 3165 saneto
258 3100 399 3184 replevit
420 3099 534 3185 spiritu
799 3106 893 3171 nobis
916 3112 1074 3188 tyrannus
1098 3105 1252 3190 oppidum

121 3203 215 3267 almee
238 3202 321 3267 fides
346 3203 513 3286 ecclesis,
799 3207 973 3276 Laudense
994 3209 1080 3274 misit
1101 3215 1272 3293 martyres.
1304 3213 1309 3220 '

120 3393 164 3461 Et
186 3413 222 3460 se
245 3395 414 3460 coronavit
436 3395 531 3459 trium
578 3481 580 3486 Ι
798 3395 868 3462 Sed
889 3396 1102 3463 reddiderunt
1122 3398 1246 3464 hostias

122 3518 238 3566 cruore
261 3516 356 3564 sacro
379 3505 572 3582 martyrum,
799 3500 902 3585 raptis
925 3500 1093 3584 quadrigis
1111 3519 1252 3586 corpora
1382 3505 1443 3573 30,

122 3612 293 3686 castosque
316 3609 430 3686 raptos
456 3603 561 3686 impiis
704 3604 744 3665 15
797 3603 922 3667 revecti
945 3603 977 3665 in
1001 3619 1059 3666 ora
1081 3602 1262 3687 principum

123 3707 253 3774 Christo
275 3706 417 3774 sacravit
440 3705 565 3770 milites.
796 3703 934 3788 plaustri
957 3703 1159 3789 triumphalis
1181 3705 1286 3770 modo.

210 3895 258 3950 lle.
275 3894 304 3948 in
322 3893 373 3950 der
389 3893 579 3952 Ambrosiana
600 3910 636 3948 uu
653 3892 793 3962 11111111,
819 3891 855 3950 11.
874 3893 917 3946 25.
942 3908 993 3948 ans
1013 3892 1074 3948 dem
1092 3891 1242 3948 1511111
1282 3891 1340 3948 Dae
1357 3891 1427 3952 lieo

122 3981 219 4036 warde
244 3983 478 4038 wahrsclreinlieh
504 3980 551 4036 liin
579 3982 624 4037 die
642 3982 746 4038 Kirclra
767 3981 963 4038 San-Vittore
990 3999 1025 4037 un
1042 3981 1166 4037 llailand
1191 3981 1347 4053 gennem„
1372 3981 1426 4038 nin

122 4068 191 4126 Lied
208 4069 258 4124 des
276 4073 293 4124 1
310 4070 408 4125 lahrh.
433 4087 506 4142 gana
525 4071 562 4126 im
581 4070 658 4128 Geist
676 4071 731 4126 und
748 4071 816 4142 styl
839 4072 888 4126 des
912 4070 939 4124 lr.
957 4070 1138 4140 Ambrosius,
1169 4069 1223 4124 den
1241 4069 1287 4124 ich
1304 4066 1353 4124 frit
1369 4069 1424 4124 den

122 4154 276 4214 variasset
293 4155 376 4212 halte.

210 4284 311 4336 2sunt
327 4275 400 4333 fehlt
417 4278 466 4332 der
484 4279 532 4333 lle.
568 4282 602 4333 15
621 4285 743 4350 castasq.
761 4280 810 4334 lls.
848 4281 888 4334 16.
905 4283 940 4335 22
954 4280 1078 4350 millites‚
1094 4281 1142 4335 lls.
1178 4263 1422 4347 1811111111111.

122 4373 157 4428 21
177 4370 254 4437 tella,
272 4368 320 4423 lle.
354 4368 390 4421 21
407 4366 527 4436 posidet,
545 4367 592 4422 lis.
627 4371 662 4421 25
680 4383 778 4423 verum
797 4384 848 4423 sua
866 4373 918 4438 est,
936 4369 984 4424 lls.
1019 4372 1054 4425 22
1072 4373 1210 4439 tyrannus
1224 4368 1262 4422 ad
1279 4365 1353 4437 epid.
1374 4365 1423 4420 lle.

123 4462 158 4515 31
177 4460 262 4527 hora,
279 4457 344 4524 lle,
372 4458 401 4510 tn
418 4469 478 4525 ora,
497 4470 559 4509 num
575 4455 709 4524 Anblick,
737 4455 837 4512 besser
855 4456 900 4512 als
918 4461 946 4514 11
963 4459 1043 4531 loro,
1070 4454 1214 4528 segleiclr‚
1243 4453 1315 4510 deun
1334 4450 1425 4507 dieses

123 4546 195 4618 liegt
213 4546 301 4601 sehon
318 4542 346 4598 in
364 4545 453 4613 replis.
488 4541 523 4596 32
540 4539 655 4613 planati,
674 4541 721 4598 lls.
