<?xml version="1.0" encoding="UTF-8"?>
<!DOCTYPE html PUBLIC "-//W3C//DTD XHTML 1.0 Transitional//EN"
    "http://www.w3.org/TR/xhtml1/DTD/xhtml1-transitional.dtd">
<html xmlns="http://www.w3.org/1999/xhtml" xml:lang="en" lang="en">
 <head>
  <title>
</title>
<meta http-equiv="Content-Type" content="text/html;charset=utf-8" />
  <meta name='ocr-system' content='tesseract 3.04.00' />
  <meta name='ocr-capabilities' content='ocr_page ocr_carea ocr_par ocr_line ocrx_word'/>
</head>
<body>
  <div class='ocr_page' id='page_1' title='image "./lateinischehymn02monegoog/lateinischehymn02monegoog_0527.png"; bbox 0 0 3294 5316; ppageno 0'>
   <div class='ocr_carea' id='block_1_1' title="bbox 304 493 1142 875">
    <p class='ocr_par' dir='ltr' id='par_1_1' title="bbox 304 493 1142 784">
     <span class='ocr_line' id='line_1_1' title="bbox 307 493 1142 580; baseline -0.002 -18"><span class='ocrx_word' id='word_1_1' title='bbox 307 495 358 562; x_wconf 90' lang='lat' dir='ltr'><strong>Sit</strong></span> <span class='ocrx_word' id='word_1_2' title='bbox 378 497 450 562; x_wconf 82' lang='lat' dir='ltr'><strong>laus</strong></span> <span class='ocrx_word' id='word_1_3' title='bbox 466 497 704 580; x_wconf 37' lang='lat' dir='ltr'><strong>,protomartyri</strong></span> <span class='ocrx_word' id='word_1_4' title='bbox 727 494 913 580; x_wconf 84' lang='lat' dir='ltr'><strong>Stephano,</strong></span> <span class='ocrx_word' id='word_1_5' title='bbox 937 493 991 576; x_wconf 89' lang='lat' dir='ltr'><strong>qui</strong></span> <span class='ocrx_word' id='word_1_6' title='bbox 1013 495 1142 578; x_wconf 78' lang='lat' dir='ltr'><strong>spiritus</strong></span> 
     </span>
     <span class='ocr_line' id='line_1_2' title="bbox 305 598 998 684; baseline -0.003 -20"><span class='ocrx_word' id='word_1_7' title='bbox 305 601 410 678; x_wconf 69' lang='lat' dir='ltr'><strong>saneti</strong></span> <span class='ocrx_word' id='word_1_8' title='bbox 433 600 548 684; x_wconf 76' lang='lat' dir='ltr'><strong>plenus</strong></span> <span class='ocrx_word' id='word_1_9' title='bbox 572 599 680 682; x_wconf 80' lang='lat' dir='ltr'><strong>gratia</strong></span> <span class='ocrx_word' id='word_1_10' title='bbox 701 599 855 663; x_wconf 80' lang='lat' dir='ltr'><strong>veritatis·</strong></span> <span class='ocrx_word' id='word_1_11' title='bbox 870 598 998 663; x_wconf 81' lang='lat' dir='ltr'><strong>inclitus</strong></span> 
     </span>
     <span class='ocr_line' id='line_1_3' title="bbox 304 703 941 784; baseline -0.005 -17"><span class='ocrx_word' id='word_1_12' title='bbox 304 703 457 768; x_wconf 82' lang='lat' dir='ltr'><strong>defensor</strong></span> <span class='ocrx_word' id='word_1_13' title='bbox 480 704 622 766; x_wconf 78' lang='lat' dir='ltr'><strong>existere</strong></span> <span class='ocrx_word' id='word_1_14' title='bbox 645 721 709 765; x_wconf 87' lang='lat' dir='ltr'><strong>non</strong></span> <span class='ocrx_word' id='word_1_15' title='bbox 733 710 783 767; x_wconf 86' lang='lat' dir='ltr'><strong>est</strong></span> <span class='ocrx_word' id='word_1_16' title='bbox 805 704 941 784; x_wconf 67' lang='lat' dir='ltr'><strong>veritur,</strong></span> 
     </span>
    </p>

    <p class='ocr_par' dir='ltr' id='par_1_2' title="bbox 378 807 617 875">
     <span class='ocr_line' id='line_1_4' title="bbox 378 807 617 875; baseline -0.004 -4"><span class='ocrx_word' id='word_1_17' title='bbox 378 823 380 826; x_wconf 89' lang='grc'><strong><em>·</em></strong></span> <span class='ocrx_word' id='word_1_18' title='bbox 407 807 534 875; x_wconf 80' lang='lat' dir='ltr'><strong>demine</strong></span> <span class='ocrx_word' id='word_1_19' title='bbox 556 813 617 870; x_wconf 84' lang='lat' dir='ltr'><strong>ete.</strong></span> 
     </span>
    </p>
   </div>
   <div class='ocr_carea' id='block_1_2' title="bbox 204 977 1193 1270">
    <p class='ocr_par' dir='ltr' id='par_1_3' title="bbox 204 977 1193 1270">
     <span class='ocr_line' id='line_1_5' title="bbox 304 977 1193 1063; baseline -0.001 -20"><span class='ocrx_word' id='word_1_20' title='bbox 304 979 411 1046; x_wconf 78' lang='lat' dir='ltr'><strong>Tuum.</strong></span> <span class='ocrx_word' id='word_1_21' title='bbox 427 986 701 1062; x_wconf 70' lang='lat' dir='ltr'><strong>pretemartyrem</strong></span> <span class='ocrx_word' id='word_1_22' title='bbox 724 977 938 1063; x_wconf 84' lang='lat' dir='ltr'><strong>Stephanum,</strong></span> <span class='ocrx_word' id='word_1_23' title='bbox 972 980 1025 1062; x_wconf 87' lang='lat' dir='ltr'><strong>qui</strong></span> <span class='ocrx_word' id='word_1_24' title='bbox 1048 979 1193 1044; x_wconf 82' lang='lat' dir='ltr'><strong>fortiter</strong></span> 
     </span>
     <span class='ocr_line' id='line_1_6' title="bbox 302 1081 1057 1177; baseline 0.004 -30"><span class='ocrx_word' id='word_1_25' title='bbox 302 1081 648 1177; x_wconf 80' lang='lat' dir='ltr'><strong>triumphavithedie,</strong></span> <span class='ocrx_word' id='word_1_26' title='bbox 675 1083 896 1148; x_wconf 80' lang='lat' dir='ltr'><strong>eollaudemus</strong></span> <span class='ocrx_word' id='word_1_27' title='bbox 919 1084 1057 1168; x_wconf 83' lang='lat' dir='ltr'><strong>pariter,</strong></span> 
     </span>
     <span class='ocr_line' id='line_1_7' title="bbox 204 1185 981 1270; baseline -0.003 -18"><span class='ocrx_word' id='word_1_28' title='bbox 204 1232 208 1238; x_wconf 89' lang='lat'>-</span> <span class='ocrx_word' id='word_1_29' title='bbox 304 1187 499 1252; x_wconf 67' lang='lat' dir='ltr'><strong>conseeruus&#39;</strong></span> <span class='ocrx_word' id='word_1_30' title='bbox 522 1186 693 1252; x_wconf 75' lang='lat' dir='ltr'><strong>eeclesiam</strong></span> <span class='ocrx_word' id='word_1_31' title='bbox 716 1193 803 1250; x_wconf 89' lang='lat' dir='ltr'><strong>tuam</strong></span> <span class='ocrx_word' id='word_1_32' title='bbox 826 1185 981 1270; x_wconf 83' lang='lat' dir='ltr'>digniter,</span> 
     </span>
    </p>
   </div>
   <div class='ocr_carea' id='block_1_3' title="bbox 410 1290 711 1362">
    <p class='ocr_par' dir='ltr' id='par_1_4' title="bbox 410 1290 711 1362">
     <span class='ocr_line' id='line_1_8' title="bbox 410 1290 711 1362; baseline -0.013 -2"><span class='ocrx_word' id='word_1_33' title='bbox 410 1290 537 1362; x_wconf 62' lang='lat' dir='ltr'><strong>demine</strong></span> <span class='ocrx_word' id='word_1_34' title='bbox 560 1296 621 1356; x_wconf 82' lang='lat' dir='ltr'><strong>ete.</strong></span> <span class='ocrx_word' id='word_1_35' title='bbox 700 1335 711 1348; x_wconf 65' lang='lat'><em>„</em></span> 
     </span>
    </p>
   </div>
   <div class='ocr_carea' id='block_1_4' title="bbox 303 1459 1141 1836">
    <p class='ocr_par' dir='ltr' id='par_1_5' title="bbox 303 1459 1141 1752">
     <span class='ocr_line' id='line_1_9' title="bbox 303 1459 1141 1548; baseline 0 -20"><span class='ocrx_word' id='word_1_36' title='bbox 303 1462 530 1548; x_wconf 82' lang='lat' dir='ltr'><strong>Protomartyr</strong></span> <span class='ocrx_word' id='word_1_37' title='bbox 552 1459 733 1546; x_wconf 85' lang='lat' dir='ltr'><strong>Stephane,</strong></span> <span class='ocrx_word' id='word_1_38' title='bbox 763 1461 817 1543; x_wconf 86' lang='lat' dir='ltr'><strong>qui</strong></span> <span class='ocrx_word' id='word_1_39' title='bbox 832 1460 966 1526; x_wconf 82' lang='lat' dir='ltr'><strong>&#39;devotis</strong></span> <span class='ocrx_word' id='word_1_40' title='bbox 989 1464 1141 1546; x_wconf 78' lang='lat' dir='ltr'>precibus</span> 
     </span>
     <span class='ocr_line' id='line_1_10' title="bbox 303 1564 1024 1649; baseline 0 -21"><span class='ocrx_word' id='word_1_41' title='bbox 303 1565 447 1630; x_wconf 77' lang='lat' dir='ltr'><strong>exorasti</strong></span> <span class='ocrx_word' id='word_1_42' title='bbox 469 1565 630 1630; x_wconf 87' lang='lat' dir='ltr'><strong>dominum</strong></span> <span class='ocrx_word' id='word_1_43' title='bbox 652 1583 713 1649; x_wconf 88' lang='lat' dir='ltr'><strong>pro</strong></span> <span class='ocrx_word' id='word_1_44' title='bbox 736 1571 768 1628; x_wconf 88' lang='lat' dir='ltr'><strong>te</strong></span> <span class='ocrx_word' id='word_1_45' title='bbox 790 1564 1024 1648; x_wconf 73' lang='lat' dir='ltr'><strong>lapidantibuS,</strong></span> 
     </span>
     <span class='ocr_line' id='line_1_11' title="bbox 303 1667 925 1752; baseline -0.003 -20"><span class='ocrx_word' id='word_1_46' title='bbox 303 1669 492 1732; x_wconf 75' lang='lat' dir='ltr'><strong>assistentes</strong></span> <span class='ocrx_word' id='word_1_47' title='bbox 515 1675 656 1752; x_wconf 81' lang='lat' dir='ltr'><strong>protege</strong></span> <span class='ocrx_word' id='word_1_48' title='bbox 678 1667 741 1731; x_wconf 89' lang='lat' dir='ltr'><strong>tuis</strong></span> <span class='ocrx_word' id='word_1_49' title='bbox 764 1667 925 1751; x_wconf 84' lang='lat' dir='ltr'><strong>laudibus,</strong></span> 
     </span>
    </p>

    <p class='ocr_par' dir='ltr' id='par_1_6' title="bbox 407 1765 618 1836">
     <span class='ocr_line' id='line_1_12' title="bbox 407 1765 618 1836; baseline -0.005 0"><span class='ocrx_word' id='word_1_50' title='bbox 407 1765 534 1836; x_wconf 86' lang='lat' dir='ltr'><strong>domine</strong></span> <span class='ocrx_word' id='word_1_51' title='bbox 556 1779 618 1836; x_wconf 79' lang='lat' dir='ltr'><strong>eto.</strong></span> 
     </span>
    </p>
   </div>
   <div class='ocr_carea' id='block_1_5' title="bbox 227 1932 1114 2318">
    <p class='ocr_par' dir='ltr' id='par_1_7' title="bbox 227 1932 1114 2318">
     <span class='ocr_line' id='line_1_13' title="bbox 303 1932 1016 2028; baseline -0.003 -20"><span class='ocrx_word' id='word_1_52' title='bbox 303 1944 368 2008; x_wconf 89' lang='lat' dir='ltr'><strong>Pro</strong></span> <span class='ocrx_word' id='word_1_53' title='bbox 391 1932 488 2010; x_wconf 76' lang='lat' dir='ltr'><strong>beato</strong></span> <span class='ocrx_word' id='word_1_54' title='bbox 508 1941 680 2028; x_wconf 84' lang='lat' dir='ltr'><strong>Stephane</strong></span> <span class='ocrx_word' id='word_1_55' title='bbox 702 1943 760 2010; x_wconf 86' lang='lat' dir='ltr'><strong>tibi</strong></span> <span class='ocrx_word' id='word_1_56' title='bbox 782 1933 1016 2026; x_wconf 76' lang='lat' dir='ltr'><strong>benedicimus,</strong></span> 
     </span>
     <span class='ocr_line' id='line_1_14' title="bbox 227 2047 1114 2130; baseline 0.002 -20"><span class='ocrx_word' id='word_1_57' title='bbox 227 2075 230 2082; x_wconf 33' lang='grc' dir='ltr'>ι</span> <span class='ocrx_word' id='word_1_58' title='bbox 302 2069 375 2129; x_wconf 84' lang='lat' dir='ltr'><strong>rex,</strong></span> <span class='ocrx_word' id='word_1_59' title='bbox 398 2065 520 2113; x_wconf 79' lang='lat' dir='ltr'><strong>corona</strong></span> <span class='ocrx_word' id='word_1_60' title='bbox 543 2054 738 2130; x_wconf 74' lang='lat' dir='ltr'><strong>martyrum,</strong></span> <span class='ocrx_word' id='word_1_61' title='bbox 762 2047 820 2110; x_wconf 89' lang='lat' dir='ltr'><strong>tibi</strong></span> <span class='ocrx_word' id='word_1_62' title='bbox 840 2055 953 2128; x_wconf 83' lang='lat' dir='ltr'><strong>grates</strong></span> <span class='ocrx_word' id='word_1_63' title='bbox 976 2049 1114 2130; x_wconf 83' lang='lat' dir='ltr'>agimus,</span> 
     </span>
     <span class='ocr_line' id='line_1_15' title="bbox 301 2149 951 2234; baseline -0.003 -18"><span class='ocrx_word' id='word_1_64' title='bbox 301 2151 418 2216; x_wconf 85' lang='lat' dir='ltr'><strong>imitari</strong></span> <span class='ocrx_word' id='word_1_65' title='bbox 440 2152 591 2234; x_wconf 80' lang='lat' dir='ltr'><strong>petimus,</strong></span> <span class='ocrx_word' id='word_1_66' title='bbox 615 2149 673 2232; x_wconf 72' lang='lat' dir='ltr'><strong>da,</strong></span> <span class='ocrx_word' id='word_1_67' title='bbox 698 2149 784 2232; x_wconf 89' lang='lat' dir='ltr'><strong>quod</strong></span> <span class='ocrx_word' id='word_1_68' title='bbox 805 2149 951 2233; x_wconf 68' lang='lat' dir='ltr'><strong>colimur,</strong></span> 
     </span>
     <span class='ocr_line' id='line_1_16' title="bbox 354 2253 619 2318; baseline -0.011 0"><span class='ocrx_word' id='word_1_69' title='bbox 354 2311 357 2318; x_wconf 94' lang='lat'><em>.</em></span> <span class='ocrx_word' id='word_1_70' title='bbox 408 2253 535 2318; x_wconf 87' lang='lat' dir='ltr'><strong>domiue</strong></span> <span class='ocrx_word' id='word_1_71' title='bbox 559 2262 619 2318; x_wconf 83' lang='lat' dir='ltr'><strong>ete.</strong></span> 
     </span>
    </p>
   </div>
   <div class='ocr_carea' id='block_1_6' title="bbox 88 2435 1397 2689">
    <p class='ocr_par' dir='ltr' id='par_1_8' title="bbox 88 2435 1397 2689">
     <span class='ocr_line' id='line_1_17' title="bbox 184 2435 1397 2508; baseline 0.003 -14"><span class='ocrx_word' id='word_1_72' title='bbox 184 2439 231 2494; x_wconf 80' lang='lat' dir='ltr'><strong>Hs.</strong></span> <span class='ocrx_word' id='word_1_73' title='bbox 250 2457 284 2493; x_wconf 82' lang='lat' dir='ltr'><strong>zu</strong></span> <span class='ocrx_word' id='word_1_74' title='bbox 302 2438 479 2508; x_wconf 84' lang='lat' dir='ltr'><strong>Luxemburg</strong></span> <span class='ocrx_word' id='word_1_75' title='bbox 497 2437 549 2492; x_wconf 88' lang='lat' dir='ltr'><strong>No.</strong></span> <span class='ocrx_word' id='word_1_76' title='bbox 560 2437 620 2505; x_wconf 76' lang='lat'><strong>1⁰8,</strong></span> <span class='ocrx_word' id='word_1_77' title='bbox 631 2437 657 2490; x_wconf 76' lang='lat' dir='ltr'><strong>b.</strong></span> <span class='ocrx_word' id='word_1_78' title='bbox 674 2443 726 2490; x_wconf 75' lang='lat' dir='ltr'><strong>aut</strong></span> <span class='ocrx_word' id='word_1_79' title='bbox 745 2435 805 2490; x_wconf 78' lang='lat' dir='ltr'><strong>dem</strong></span> <span class='ocrx_word' id='word_1_80' title='bbox 825 2438 858 2488; x_wconf 78' lang='lat'><strong>12</strong></span> <span class='ocrx_word' id='word_1_81' title='bbox 872 2436 971 2491; x_wconf 86' lang='lat' dir='ltr'><strong>Jahrh.</strong></span> <span class='ocrx_word' id='word_1_82' title='bbox 991 2453 1047 2491; x_wconf 89' lang='lat' dir='ltr'><strong>von</strong></span> <span class='ocrx_word' id='word_1_83' title='bbox 1066 2437 1154 2492; x_wconf 82' lang='lat' dir='ltr'><strong>Guido</strong></span> <span class='ocrx_word' id='word_1_84' title='bbox 1172 2453 1229 2494; x_wconf 86' lang='lat' dir='ltr'><strong>von</strong></span> <span class='ocrx_word' id='word_1_85' title='bbox 1245 2439 1397 2498; x_wconf 81' lang='lat' dir='ltr'><strong>Busoehes.</strong></span> 
     </span>
     <span class='ocr_line' id='line_1_18' title="bbox 93 2521 1397 2598; baseline 0.001 -16"><span class='ocrx_word' id='word_1_86' title='bbox 93 2529 146 2582; x_wconf 76' lang='lat' dir='ltr'><strong>Dio</strong></span> <span class='ocrx_word' id='word_1_87' title='bbox 165 2526 372 2582; x_wconf 76' lang='lat' dir='ltr'><strong>Kiinrtlichkeit</strong></span> <span class='ocrx_word' id='word_1_88' title='bbox 400 2526 448 2580; x_wconf 80' lang='lat' dir='ltr'><strong>dos</strong></span> <span class='ocrx_word' id='word_1_89' title='bbox 466 2524 566 2580; x_wconf 74' lang='lat' dir='ltr'><strong>liedes</strong></span> <span class='ocrx_word' id='word_1_90' title='bbox 596 2525 705 2578; x_wconf 79' lang='lat' dir='ltr'><strong>besteht</strong></span> <span class='ocrx_word' id='word_1_91' title='bbox 735 2523 832 2589; x_wconf 80' lang='lat' dir='ltr'><strong>datin,</strong></span> <span class='ocrx_word' id='word_1_92' title='bbox 865 2521 931 2576; x_wconf 81' lang='lat' dir='ltr'><strong>dass</strong></span> <span class='ocrx_word' id='word_1_93' title='bbox 956 2523 1006 2576; x_wconf 85' lang='lat' dir='ltr'><strong>der</strong></span> <span class='ocrx_word' id='word_1_94' title='bbox 1025 2524 1132 2580; x_wconf 77' lang='lat' dir='ltr'><strong>Naneu</strong></span> <span class='ocrx_word' id='word_1_95' title='bbox 1149 2525 1199 2580; x_wconf 74' lang='lat' dir='ltr'><strong>des</strong></span> <span class='ocrx_word' id='word_1_96' title='bbox 1217 2527 1349 2598; x_wconf 78' lang='lat' dir='ltr'><strong>Heiiigen</strong></span> <span class='ocrx_word' id='word_1_97' title='bbox 1367 2530 1397 2584; x_wconf 82' lang='lat' dir='ltr'><strong>iu</strong></span> 
     </span>
     <span class='ocr_line' id='line_1_19' title="bbox 88 2609 1397 2689; baseline 0.002 -21"><span class='ocrx_word' id='word_1_98' title='bbox 88 2614 175 2689; x_wconf 84' lang='lat' dir='ltr'><strong>jeder</strong></span> <span class='ocrx_word' id='word_1_99' title='bbox 193 2613 317 2684; x_wconf 87' lang='lat' dir='ltr'><strong>Strophe</strong></span> <span class='ocrx_word' id='word_1_100' title='bbox 341 2614 370 2666; x_wconf 87' lang='lat' dir='ltr'><strong>iu</strong></span> <span class='ocrx_word' id='word_1_101' title='bbox 389 2613 479 2677; x_wconf 79' lang='lat' dir='ltr'><strong>einern</strong></span> <span class='ocrx_word' id='word_1_102' title='bbox 498 2613 587 2668; x_wconf 85' lang='lat' dir='ltr'><strong>Casus</strong></span> <span class='ocrx_word' id='word_1_103' title='bbox 605 2610 764 2665; x_wconf 82' lang='lat' dir='ltr'><strong>vorkummt</strong></span> <span class='ocrx_word' id='word_1_104' title='bbox 791 2609 847 2663; x_wconf 91' lang='lat' dir='ltr'><strong>und</strong></span> <span class='ocrx_word' id='word_1_105' title='bbox 872 2625 951 2663; x_wconf 84' lang='lat' dir='ltr'><strong>zwar</strong></span> <span class='ocrx_word' id='word_1_106' title='bbox 980 2611 1008 2664; x_wconf 90' lang='lat' dir='ltr'><strong>in</strong></span> <span class='ocrx_word' id='word_1_107' title='bbox 1027 2610 1076 2665; x_wconf 88' lang='lat' dir='ltr'><strong>der</strong></span> <span class='ocrx_word' id='word_1_108' title='bbox 1094 2627 1204 2682; x_wconf 82' lang='lat' dir='ltr'><strong>ganzen</strong></span> <span class='ocrx_word' id='word_1_109' title='bbox 1221 2613 1312 2686; x_wconf 81' lang='lat' dir='ltr'><strong>Fulge</strong></span> <span class='ocrx_word' id='word_1_110' title='bbox 1331 2631 1397 2670; x_wconf 87' lang='lat' dir='ltr'><strong>vom</strong></span> 
     </span>
    </p>
   </div>
   <div class='ocr_carea' id='block_1_7' title="bbox 93 2701 546 2759">
    <p class='ocr_par' dir='ltr' id='par_1_9' title="bbox 93 2701 546 2759">
     <span class='ocr_line' id='line_1_20' title="bbox 93 2701 546 2759; baseline -0.002 0"><span class='ocrx_word' id='word_1_111' title='bbox 93 2703 257 2759; x_wconf 83' lang='lat' dir='ltr'><strong>Numinativ</strong></span> <span class='ocrx_word' id='word_1_112' title='bbox 274 2702 318 2756; x_wconf 88' lang='lat' dir='ltr'><strong>bis</strong></span> <span class='ocrx_word' id='word_1_113' title='bbox 336 2718 398 2756; x_wconf 82' lang='lat' dir='ltr'><strong>zum</strong></span> <span class='ocrx_word' id='word_1_114' title='bbox 415 2701 546 2758; x_wconf 74' lang='lat' dir='ltr'><strong>Ablativ.</strong></span> 
     </span>
    </p>
   </div>
   <div class='ocr_carea' id='block_1_8' title="bbox 251 3005 1251 3129">
    <p class='ocr_par' dir='ltr' id='par_1_10' title="bbox 251 3005 1251 3129">
     <span class='ocr_line' id='line_1_21' title="bbox 251 3005 1251 3129; baseline -0.005 -32"><span class='ocrx_word' id='word_1_115' title='bbox 251 3021 359 3097; x_wconf 85' lang='grc'>1161.</span> <span class='ocrx_word' id='word_1_116' title='bbox 401 3023 547 3129; x_wconf 79' lang='lat' dir='ltr'><strong>Tropus</strong></span> <span class='ocrx_word' id='word_1_117' title='bbox 572 3022 610 3090; x_wconf 88' lang='lat' dir='ltr'><strong>in</strong></span> <span class='ocrx_word' id='word_1_118' title='bbox 636 3018 748 3092; x_wconf 87' lang='lat' dir='ltr'><strong>dieb.</strong></span> <span class='ocrx_word' id='word_1_119' title='bbox 776 3005 1251 3122; x_wconf 53' lang='lat' dir='ltr'><strong>Stephaniurotomartyris.</strong></span> 
     </span>
    </p>
   </div>
   <div class='ocr_carea' id='block_1_9' title="bbox 98 3205 1397 3438">
    <p class='ocr_par' dir='ltr' id='par_1_11' title="bbox 98 3205 1397 3438">
     <span class='ocr_line' id='line_1_22' title="bbox 98 3205 1028 3338; baseline -0.01 -16"><span class='ocrx_word' id='word_1_120' title='bbox 98 3258 146 3322; x_wconf 84' lang='lat' dir='ltr'><strong>De</strong></span> <span class='ocrx_word' id='word_1_121' title='bbox 169 3205 328 3338; x_wconf 75' lang='lat' dir='ltr'><strong>Stepiruui</strong></span> <span class='ocrx_word' id='word_1_122' title='bbox 396 3221 411 3232; x_wconf 88' lang='lat'><em>.</em></span> <span class='ocrx_word' id='word_1_123' title='bbox 774 3253 880 3316; x_wconf 74' lang='lat' dir='ltr'><strong>fracto</strong></span> <span class='ocrx_word' id='word_1_124' title='bbox 902 3261 1028 3317; x_wconf 85' lang='lat' dir='ltr'><strong>naturae</strong></span> 
     </span>
     <span class='ocr_line' id='line_1_23' title="bbox 99 3353 1397 3438; baseline -0.005 -15"><span class='ocrx_word' id='word_1_125' title='bbox 99 3375 195 3423; x_wconf 89' lang='lat' dir='ltr'><strong>roseo</strong></span> <span class='ocrx_word' id='word_1_126' title='bbox 218 3354 376 3438; x_wconf 82' lang='lat' dir='ltr'><strong>sanguine</strong></span> <span class='ocrx_word' id='word_1_127' title='bbox 543 3359 546 3364; x_wconf 84' lang='lat'>&#39;</span> <span class='ocrx_word' id='word_1_128' title='bbox 775 3355 886 3419; x_wconf 81' lang='lat' dir='ltr'><strong>fratris</strong></span> <span class='ocrx_word' id='word_1_129' title='bbox 910 3356 988 3421; x_wconf 87' lang='lat' dir='ltr'><strong>obiit</strong></span> <span class='ocrx_word' id='word_1_130' title='bbox 1012 3353 1090 3418; x_wconf 84' lang='lat' dir='ltr'><strong>aeie.</strong></span> <span class='ocrx_word' id='word_1_131' title='bbox 1359 3357 1397 3416; x_wconf 86' lang='lat'><strong>15</strong></span> 
     </span>
    </p>
   </div>
   <div class='ocr_carea' id='block_1_10' title="bbox 99 3459 245 3556">
    <p class='ocr_par' dir='ltr' id='par_1_12' title="bbox 99 3459 245 3556">
     <span class='ocr_line' id='line_1_24' title="bbox 99 3459 245 3556; baseline -0.007 -32"><span class='ocrx_word' id='word_1_132' title='bbox 99 3459 245 3556; x_wconf 73' lang='lat' dir='ltr'><strong>martyrii</strong></span> 
     </span>
    </p>
   </div>
   <div class='ocr_carea' id='block_1_11' title="bbox 100 3517 1299 3646">
    <p class='ocr_par' dir='ltr' id='par_1_13' title="bbox 100 3517 1299 3646">
     <span class='ocr_line' id='line_1_25' title="bbox 100 3517 1299 3646; baseline -0.013 -49"><span class='ocrx_word' id='word_1_133' title='bbox 100 3570 239 3629; x_wconf 60' lang='lat' dir='ltr'><strong>vernant</strong></span> <span class='ocrx_word' id='word_1_134' title='bbox 260 3561 425 3646; x_wconf 52' lang='lat' dir='ltr'><strong>primitiae,</strong></span> <span class='ocrx_word' id='word_1_135' title='bbox 688 3583 690 3588; x_wconf 84' lang='grc'>,</span> <span class='ocrx_word' id='word_1_136' title='bbox 714 3577 718 3582; x_wconf 88' lang='grc'>.</span> <span class='ocrx_word' id='word_1_137' title='bbox 777 3520 881 3602; x_wconf 85' lang='lat' dir='ltr'><strong>Culpa</strong></span> <span class='ocrx_word' id='word_1_138' title='bbox 902 3537 966 3582; x_wconf 90' lang='lat' dir='ltr'><strong>non</strong></span> <span class='ocrx_word' id='word_1_139' title='bbox 987 3525 1040 3582; x_wconf 84' lang='lat' dir='ltr'><strong>est</strong></span> <span class='ocrx_word' id='word_1_140' title='bbox 1063 3520 1122 3582; x_wconf 84' lang='lat' dir='ltr'><strong>sub</strong></span> <span class='ocrx_word' id='word_1_141' title='bbox 1145 3517 1299 3600; x_wconf 77' lang='lat' dir='ltr'><strong>caligine,</strong></span> 
     </span>
    </p>
   </div>
   <div class='ocr_carea' id='block_1_12' title="bbox 776 3620 1389 4513">
    <p class='ocr_par' dir='ltr' id='par_1_14' title="bbox 777 3620 1389 3810">
     <span class='ocr_line' id='line_1_26' title="bbox 777 3620 1389 3712; baseline -0.002 -25"><span class='ocrx_word' id='word_1_142' title='bbox 777 3625 895 3687; x_wconf 83' lang='lat' dir='ltr'><strong>elamat</strong></span> <span class='ocrx_word' id='word_1_143' title='bbox 918 3622 1052 3704; x_wconf 72' lang='lat' dir='ltr'><strong>sanguis</strong></span> <span class='ocrx_word' id='word_1_144' title='bbox 1072 3621 1161 3712; x_wconf 72' lang='lat' dir='ltr'><strong>fusus</strong></span> <span class='ocrx_word' id='word_1_145' title='bbox 1185 3620 1295 3702; x_wconf 78' lang='lat' dir='ltr'><strong>hodie,</strong></span> <span class='ocrx_word' id='word_1_146' title='bbox 1372 3649 1389 3652; x_wconf 96' lang='lat'><strong>··</strong></span> 
     </span>
     <span class='ocr_line' id='line_1_27' title="bbox 777 3722 1015 3810; baseline -0.004 -18"><span class='ocrx_word' id='word_1_147' title='bbox 777 3747 841 3792; x_wconf 88' lang='lat' dir='ltr'><strong>nou</strong></span> <span class='ocrx_word' id='word_1_148' title='bbox 864 3722 1015 3810; x_wconf 65' lang='lat' dir='ltr'><strong>uelatur‚&#39;</strong></span> 
     </span>
    </p>

    <p class='ocr_par' dir='ltr' id='par_1_15' title="bbox 777 3816 1141 3913">
     <span class='ocr_line' id='line_1_28' title="bbox 777 3816 1141 3913; baseline -0.014 -18"><span class='ocrx_word' id='word_1_149' title='bbox 777 3830 864 3913; x_wconf 86' lang='lat' dir='ltr'><strong>quod</strong></span> <span class='ocrx_word' id='word_1_150' title='bbox 886 3835 1099 3907; x_wconf 85' lang='lat' dir='ltr'><strong>monstratur,</strong></span> <span class='ocrx_word' id='word_1_151' title='bbox 1137 3816 1141 3824; x_wconf 75' lang='grc'><strong>’</strong></span> 
     </span>
    </p>

    <p class='ocr_par' dir='ltr' id='par_1_16' title="bbox 776 3933 1106 4015">
     <span class='ocr_line' id='line_1_29' title="bbox 776 3933 1106 4015; baseline -0.006 -17"><span class='ocrx_word' id='word_1_152' title='bbox 776 3935 833 3998; x_wconf 89' lang='lat' dir='ltr'><strong>ulli</strong></span> <span class='ocrx_word' id='word_1_153' title='bbox 857 3934 962 3998; x_wconf 81' lang='lat' dir='ltr'><strong>dubiae</strong></span> <span class='ocrx_word' id='word_1_154' title='bbox 983 3933 1106 4015; x_wconf 81' lang='lat' dir='ltr'><strong>eulpae3</strong></span> 
     </span>
    </p>

    <p class='ocr_par' dir='ltr' id='par_1_17' title="bbox 777 4036 1030 4121">
     <span class='ocr_line' id='line_1_30' title="bbox 777 4036 1030 4121; baseline -0.012 -19"><span class='ocrx_word' id='word_1_155' title='bbox 777 4036 990 4121; x_wconf 83' lang='lat' dir='ltr'><strong>turpitudines</strong></span> <span class='ocrx_word' id='word_1_156' title='bbox 1028 4039 1030 4044; x_wconf 86' lang='grc'><strong>’</strong></span> 
     </span>
    </p>

    <p class='ocr_par' dir='ltr' id='par_1_18' title="bbox 777 4141 1126 4206">
     <span class='ocr_line' id='line_1_31' title="bbox 777 4141 1126 4206; baseline -0.006 -2"><span class='ocrx_word' id='word_1_157' title='bbox 777 4143 810 4204; x_wconf 87' lang='lat' dir='ltr'><strong>in</strong></span> <span class='ocrx_word' id='word_1_158' title='bbox 835 4141 904 4204; x_wconf 87' lang='lat' dir='ltr'><strong>dies</strong></span> <span class='ocrx_word' id='word_1_159' title='bbox 927 4147 960 4204; x_wconf 92' lang='lat' dir='ltr'><strong>et</strong></span> <span class='ocrx_word' id='word_1_160' title='bbox 981 4141 1126 4206; x_wconf 80' lang='lat' dir='ltr'><strong>vindiues</strong></span> 
     </span>
    </p>

    <p class='ocr_par' dir='ltr' id='par_1_19' title="bbox 779 4242 980 4307">
     <span class='ocr_line' id='line_1_32' title="bbox 779 4242 980 4307; baseline 0.01 -3"><span class='ocrx_word' id='word_1_161' title='bbox 779 4242 820 4306; x_wconf 87' lang='lat' dir='ltr'><strong>de</strong></span> <span class='ocrx_word' id='word_1_162' title='bbox 850 4244 980 4307; x_wconf 83' lang='lat' dir='ltr'><strong>erimine</strong></span> 
     </span>
    </p>

    <p class='ocr_par' dir='ltr' id='par_1_20' title="bbox 781 4345 1050 4412">
     <span class='ocr_line' id='line_1_33' title="bbox 781 4345 1050 4412; baseline 0.019 -5"><span class='ocrx_word' id='word_1_163' title='bbox 781 4345 922 4409; x_wconf 83' lang='lat' dir='ltr'><strong>elamant</strong></span> <span class='ocrx_word' id='word_1_164' title='bbox 944 4347 1050 4412; x_wconf 82' lang='lat' dir='ltr'><strong>anxiae</strong></span> 
     </span>
    </p>

    <p class='ocr_par' dir='ltr' id='par_1_21' title="bbox 782 4443 976 4513">
     <span class='ocr_line' id='line_1_34' title="bbox 782 4443 976 4513; baseline 0.01 -3"><span class='ocrx_word' id='word_1_165' title='bbox 782 4443 861 4512; x_wconf 83' lang='lat' dir='ltr'><strong>Sion</strong></span> <span class='ocrx_word' id='word_1_166' title='bbox 884 4448 976 4513; x_wconf 82' lang='lat' dir='ltr'><strong>iiliae:</strong></span> 
     </span>
    </p>
   </div>
   <div class='ocr_carea' id='block_1_13' title="bbox 100 3769 440 4366">
    <p class='ocr_par' dir='ltr' id='par_1_22' title="bbox 100 3769 440 4366">
     <span class='ocr_line' id='line_1_35' title="bbox 100 3769 440 3854; baseline -0.012 -17"><span class='ocrx_word' id='word_1_167' title='bbox 100 3771 274 3838; x_wconf 81' lang='lat' dir='ltr'><strong>Elimiuant</strong></span> <span class='ocrx_word' id='word_1_168' title='bbox 293 3769 440 3854; x_wconf 72' lang='lat' dir='ltr'><strong>pristinae</strong></span> 
     </span>
     <span class='ocr_line' id='line_1_36' title="bbox 101 3875 424 3957; baseline -0.006 -19"><span class='ocrx_word' id='word_1_169' title='bbox 101 3878 218 3940; x_wconf 85' lang='lat' dir='ltr'><strong>nubem</strong></span> <span class='ocrx_word' id='word_1_170' title='bbox 241 3875 424 3957; x_wconf 74' lang='lat' dir='ltr'><strong>scripturae,</strong></span> 
     </span>
     <span class='ocr_line' id='line_1_37' title="bbox 102 3976 352 4059; baseline 0.004 -21"><span class='ocrx_word' id='word_1_171' title='bbox 102 3984 214 4059; x_wconf 85' lang='lat' dir='ltr'><strong>patent</strong></span> <span class='ocrx_word' id='word_1_172' title='bbox 236 3976 352 4057; x_wconf 68' lang='lat' dir='ltr'><strong>figurae</strong></span> 
     </span>
     <span class='ocr_line' id='line_1_38' title="bbox 102 4075 372 4158; baseline -0.011 -16"><span class='ocrx_word' id='word_1_173' title='bbox 102 4075 186 4158; x_wconf 81' lang='lat' dir='ltr'><strong>legis</strong></span> <span class='ocrx_word' id='word_1_174' title='bbox 210 4077 372 4154; x_wconf 68' lang='lat' dir='ltr'><strong>obscurae,</strong></span> 
     </span>
     <span class='ocr_line' id='line_1_39' title="bbox 101 4179 413 4265; baseline -0.019 -17"><span class='ocrx_word' id='word_1_175' title='bbox 101 4179 259 4248; x_wconf 80' lang='lat' dir='ltr'><strong>irradiant</strong></span> <span class='ocrx_word' id='word_1_176' title='bbox 284 4181 413 4265; x_wconf 77' lang='lat' dir='ltr'><strong>paginae</strong></span> 
     </span>
     <span class='ocr_line' id='line_1_40' title="bbox 101 4283 322 4366; baseline -0.027 -16"><span class='ocrx_word' id='word_1_177' title='bbox 101 4286 175 4350; x_wconf 82' lang='lat' dir='ltr'><strong>luoe</strong></span> <span class='ocrx_word' id='word_1_178' title='bbox 197 4283 322 4366; x_wconf 68' lang='lat' dir='ltr'><strong>gratiae.</strong></span> 
     </span>
    </p>
   </div>
   <div class='ocr_carea' id='block_1_14' title="bbox 103 4500 344 4576">
    <p class='ocr_par' dir='ltr' id='par_1_23' title="bbox 103 4500 344 4576">
     <span class='ocr_line' id='line_1_41' title="bbox 103 4500 344 4576; baseline -0.021 -9"><span class='ocrx_word' id='word_1_179' title='bbox 103 4501 205 4568; x_wconf 84' lang='lat' dir='ltr'><strong>Erant</strong></span> <span class='ocrx_word' id='word_1_180' title='bbox 227 4500 344 4576; x_wconf 68' lang='lat' dir='ltr'><strong>futurae</strong></span> 
     </span>
    </p>
   </div>
   <div class='ocr_carea' id='block_1_15' title="bbox 103 4599 1343 4801">
    <p class='ocr_par' dir='ltr' id='par_1_24' title="bbox 103 4599 1343 4801">
     <span class='ocr_line' id='line_1_42' title="bbox 103 4599 1165 4696; baseline 0.005 -25"><span class='ocrx_word' id='word_1_181' title='bbox 103 4606 198 4687; x_wconf 83' lang='lat' dir='ltr'><strong>signa</strong></span> <span class='ocrx_word' id='word_1_182' title='bbox 219 4621 397 4688; x_wconf 69' lang='lat' dir='ltr'><strong>pressurae,</strong></span> <span class='ocrx_word' id='word_1_183' title='bbox 781 4612 828 4696; x_wconf 85' lang='lat'><strong>„0</strong></span> <span class='ocrx_word' id='word_1_184' title='bbox 851 4599 1041 4696; x_wconf 77' lang='lat' dir='ltr'><strong>domiue,=</strong></span> <span class='ocrx_word' id='word_1_185' title='bbox 1162 4633 1165 4638; x_wconf 92' lang='lat'>·</span> 
     </span>
     <span class='ocr_line' id='line_1_43' title="bbox 103 4707 1343 4801; baseline -0.016 -10"><span class='ocrx_word' id='word_1_186' title='bbox 103 4707 191 4791; x_wconf 69' lang='grc' dir='ltr'><strong>(111οᾰ</strong></span> <span class='ocrx_word' id='word_1_187' title='bbox 212 4707 302 4799; x_wconf 63' lang='lat' dir='ltr'>Abel</span> <span class='ocrx_word' id='word_1_188' title='bbox 318 4708 428 4793; x_wconf 69' lang='lat' dir='ltr'>J&#39;ssffl.</span> <span class='ocrx_word' id='word_1_189' title='bbox 781 4717 858 4785; x_wconf 82' lang='lat' dir='ltr'><strong>sede</strong></span> <span class='ocrx_word' id='word_1_190' title='bbox 880 4719 913 4782; x_wconf 91' lang='lat' dir='ltr'><strong>in</strong></span> <span class='ocrx_word' id='word_1_191' title='bbox 936 4718 1090 4801; x_wconf 84' lang='lat' dir='ltr'><strong>pulvere,</strong></span> <span class='ocrx_word' id='word_1_192' title='bbox 1119 4734 1181 4800; x_wconf 88' lang='lat' dir='ltr'><strong>pro</strong></span> <span class='ocrx_word' id='word_1_193' title='bbox 1204 4713 1272 4778; x_wconf 89' lang='lat' dir='ltr'><strong>filio</strong></span> <span class='ocrx_word' id='word_1_194' title='bbox 1338 4763 1343 4771; x_wconf 90' lang='lat'>.</span> 
     </span>
    </p>
   </div>
   <div class='ocr_carea' id='block_1_16' title="bbox 0 0 1660 5316">
    <p class='ocr_par' dir='ltr' id='par_1_25' title="bbox 0 0 1660 5316">
     <span class='ocr_line' id='line_1_44' title="bbox 0 0 1660 5316; baseline 0 0"><span class='ocrx_word' id='word_1_195' title='bbox 0 0 1660 5316; x_wconf 95' lang='lat' dir='ltr'><strong> </strong></span> 
     </span>
    </p>
   </div>
  </div>
 </body>
</html>
