3294 5322
254 337 319 415 128

254 537 281 604 0
304 539 392 605 oliva
413 529 562 623 pietatis,
836 536 877 598 25
931 531 995 598 0ra
1018 551 1080 616 pro
1102 531 1196 597 nohis
1220 528 1363 616 domina,

255 642 365 724 ecquis
389 645 454 704 tuae
474 637 654 703 sanctitatis
929 654 990 718 per
1013 641 1046 698 te
1067 642 1180 700 nostra
1202 636 1391 718 peccamina

298 742 385 836 dicet
408 741 662 807 excellentiam?
974 736 1154 801 deleantur.

253 927 363 994 Vitam
385 929 480 994 fratri
501 929 660 1011 meruisti,
931 922 1087 1008 Impetra,
1110 921 1257 1005 Martha,
1281 923 1420 1006 gratiam
1516 925 1562 987 40
1633 961 1634 974 1

226 1037 228 1042 ’
255 1051 297 1096 ex
320 1051 405 1114 aqua
422 1032 535 1097 *vinum
557 1032 662 1098 iecisti
931 1027 997 1109 his,
1022 1027 1075 1109 qui
1097 1034 1183 1091 tuam
1206 1027 1393 1090 memoriam

297 1152 358 1216 per
382 1132 523 1197 divinam
546 1134 694 1216 gratiam.
838 1134 879 1198 30
975 1137 1180 1194 venerantur.

255 1319 405 1386 Animam
427 1329 491 1386 tuae
514 1323 637 1387 sororis
909 1321 959 1411 Ι0
982 1319 1176 1385 Tarasconis
1198 1329 1353 1405 patrona,

255 1426 372 1491 audisti
394 1430 543 1510 supernis
567 1429 677 1492 choris
934 1423 1110 1489 'l'araeconi
1132 1444 1247 1510 pacem
1263 1424 1356 1489 'dena

296 1528 376 1592 ferri
399 1549 470 1594 cum
493 1530 622 1612 laetitia3
975 1545 1104 1612 semper
1127 1535 1159 1592 et
1182 1523 1341 1611 laetitiam,
1520 1531 1564 1592 45

256 1713 384 1797 Corpus
406 1722 494 1779 tuum
518 1713 713 1778 'larasconae
932 1713 1100 1796 Cursuque
1123 1715 1200 1779 vitae
1222 1715 1370 1801 perlecto

254 1819 407 1898 sepelivit
430 1838 501 1882 eum
523 1816 691 1882 Frontone
837 1819 878 1880 35
930 1837 990 1883 nos
1014 1818 1114 1883 ducas
1136 1820 1265 1883 tramite
1288 1825 1379 1883 recto

299 1919 449 1985 Christus
472 1943 568 2016 manu
591 1924 733 2006 propria.
974 1922 1017 1988 ad
1039 1941 1213 2007 supernam
1237 1925 1368 1989 curiam.

341 2108 389 2162 Hs.
412 2125 447 2160 zu
475 2104 714 2162 Pommersfelden
741 2107 794 2162 No.
814 2108 893 2163 2926.
916 2109 949 2160 15
976 2107 1075 2162 lahrh.
1102 2107 1167 2175 (Α).
1217 2105 1325 2160 Zweite
1353 2105 1400 2158 Hs.
1427 2105 1561 2161 daselbsi

253 2197 307 2251 No.
325 2197 403 2250 2888.
431 2197 462 2248 15
481 2195 582 2250 Jahrh.
601 2197 663 2265 (B).
700 2195 798 2249 Dieses
817 2195 885 2248 Lierl
908 2195 946 2251 ist
971 2193 1209 2249 wahrscheinlich
1231 2208 1289 2248 ven
1308 2193 1397 2247 einem
1416 2188 1561 2246 111111111-

255 2283 341 2337 schen
367 2281 482 2336 Dichter
510 2283 655 2354 gemacht,
686 2283 737 2338 der
756 2283 801 2338 die
819 2283 949 2354 legende
977 2282 1027 2336 der
1045 2281 1176 2354 heiligen
1195 2281 1225 2335 in
1245 2279 1469 2337 Siidfrankreich
1497 2281 1560 2336 wol

252 2371 365 2426 kannte.

341 2495 517 2568 3hostiah.
553 2494 802 2550 111auoantur13.
838 2495 872 2548 13
889 2494 968 2568 juste
985 2497 1020 2548 st
1038 2494 1069 2548 B.
1107 2495 1141 2546 11
1159 2507 1257 2563 regum
1276 2490 1347 2547 fehlt
1361 2492 1393 2546 Β.
1421 2494 1455 2545 11
1470 2485 1559 2548 bruta

254 2599 280 2636 v.
298 2583 329 2636 B.
384 2584 418 2636 19
446 2587 474 2636 et
491 2578 510 2635 f.
529 2586 573 2636 est
590 2582 646 2638 ΑΒ.
700 2585 735 2635 22
764 2583 930 2636 damnantur
956 2581 987 2635 B.
1040 2581 1076 2634 26
1100 2585 1128 2635 et
1157 2581 1217 2651 quis
1244 2578 1300 2635 ΑΒ.
1353 2581 1387 2633 32
1416 2579 1497 2634 audis
1530 2581 1561 2634 B.

254 2673 288 2726 11
308 2674 356 2725 tua
374 2669 523 2724 sollemnia
540 2671 573 2725 A.
610 2671 718 2724 13-15
737 2667 821 2723 dafiir
839 2669 889 2722 hat
906 2668 943 2721 B:
967 2667 997 2722 in
1015 2667 1148 2738 angustia
1166 2666 1267 2721 mortis
1284 2666 1358 2720 hora
1376 2666 1474 2736 nohis,
1493 2683 1562 2737 pre-

255 2771 364 2825 camur,
392 2757 513 2828 implora
531 2763 718 2833 peecatorum,
731 2759 849 2813 veniam¹
885 2756 967 2811 Diese
986 2755 1157 2827 Aenderuug
1178 2756 1307 2824 verrath,
1341 2755 1406 2821 dass
1425 2773 1489 2812 man
1511 2757 1562 2812 (las

255 2845 322 2899 Lied
340 2843 387 2901 fiir
406 2847 467 2900 eine
486 2846 590 2902 andere
610 2848 713 2903 Kirche
734 2847 920 2918 eingerichtet
937 2847 994 2900 hat.
1030 2840 1067 2900 ’11
1086 2845 1256 2900 Tarascouis
1273 2845 1306 2898 A.
1349 2847 1385 2899 16
1406 2841 1461 2926 line
1480 2861 1510 2916 p.
1530 2846 1562 2899 Β.

254 2935 289 2988 lt
308 2935 392 2988 ducat
409 2935 439 2988 Β.

716 3218 824 3290 1068.
858 3217 905 3305 S.
931 3215 1093 3287 Merthoe.

253 3418 362 3484 Illuxit
386 3419 454 3482 dies
478 3419 615 3501 domini,
931 3418 1094 3483 Mendetis
1116 3419 1180 3483 tuis
1202 3420 1324 3503 paruit,

252 3540 311 3587 suo
336 3521 413 3586 dent
434 3523 548 3586 laudes
573 3523 693 3586 nomini
932 3524 1140 3604 quamobrem
1162 3522 1263 3604 signis
1287 3523 1402 3586 claruit

254 3644 375 3690 canoro
399 3635 514 3708 gentes
538 3628 695 3708 carmine,
932 3625 974 3689 ad
997 3625 1132 3689 salutem
1154 3624 1313 3707 fidelium,
1520 3629 1559 3690 15
1633 3607 1634 3610 ¹

254 3729 332 3793 lucis
354 3733 478 3794 creator
504 3733 624 3810 optime.
932 3747 991 3794 ree
1015 3728 1142 3809 Christe,
1162 3727 1266 3811 [octor
1289 3732 1435 3794 omnium.

254 3917 323 3981 Hac
347 3917 399 3980 die
421 3916 553 3980 Martha
575 3917 698 3981 civibus
858 3923 878 3981 5
932 3917 1015 3981 Dum
1037 3935 1132 3982 caros
1156 3935 1233 3981 suos
1256 3919 1359 3982 aleret

184 4054 187 4059 ·
253 4019 461 4100 conjungitur
485 4021 686 4104 coelestihuS,
931 4022 1103 4104 vinumque
1122 4020 1192 4103 jam
1217 4020 1390 4100 deficeret,

255 4127 390 4184 caterva
413 4139 484 4182 cum
507 4123 655 4204 angelica
932 4125 1058 4187 vertisti
1080 4124 1245 4207 lympham
1268 4125 1301 4186 in
1323 4143 1461 4205 merum,

254 4219 371 4284 coellet
393 4221 468 4286 aula
490 4225 604 4290 celica.
934 4228 1074 4293 conditor
1096 4227 1177 4293 alme
1196 4229 1341 4293 alelmum.
1518 4229 1558 4292 20

255 4407 335 4472 Haec
358 4411 479 4475 coelebs
503 4413 577 4478 dum
600 4417 755 4508 existeret
935 4418 1014 4496 Quae
1037 4426 1087 4500 te,
1111 4416 1257 4499 Christe,
1280 4415 1441 4499 quondam
1459 4418 1560 4500 pavit,

257 4518 289 4574 et
312 4511 410 4575 vitam
434 4524 578 4579 sanctam
598 4515 749 4600 duceret,
841 4523 879 4585 10
936 4523 1024 4586 illam
1047 4522 1103 4588 tihi
1125 4520 1261 4586 sociavit

256 4633 331 4680 eras
353 4618 430 4682 vitae
455 4639 522 4682 suae
546 4622 653 4702 quiea,
935 4625 1058 4689 dextris
1079 4643 1232 4708 sponsam
1256 4625 1430 4707 specialem

260 4717 396 4801 Christe,
419 4725 471 4804 qui
493 4723 548 4788 lae
571 4741 603 4790 es
626 4727 655 4789 et
676 4727 750 4791 dies.
935 4729 1011 4795 urbs
1031 4729 1123 4796 beata
1145 4730 1330 4796 Jerusalem.
