3332 5318
483 247 503 302 ὀ

214 309 277 379 100

212 497 326 564 Crucis
350 498 541 582 supplicium

136 659 139 668 .
212 604 330 668 scimus
355 622 559 685 perpessum,
797 605 839 666 20

213 708 318 774 crucis
339 704 526 789 mysterium

212 812 313 895 pandi
336 812 529 892 verendum,

212 917 310 996 inqua
334 915 414 978 deus
438 921 549 977 nostra

213 1017 285 1082 tulit
308 1023 454 1099 peccata.

212 1179 302 1244 Odor
326 1181 533 1245 suavissimus
799 1181 839 1242 25

212 1291 264 1346 est
287 1281 348 1346 deo
371 1283 491 1363 lactus,

213 1385 289 1449 dum
312 1385 422 1468 figitur
446 1388 552 1467 cruci,

211 1490 327 1553 nolens
350 1490 463 1553 dimitti

211 1600 336 1674 martyr
360 1592 565 1674 dignissimus
755 1661 762 1670 „

212 1695 338 1758 scandit
359 1695 400 1758 ad
424 1697 533 1759 coelos.
797 1696 838 1758 30

892 498 1019 563 Nostris
1043 517 1127 562 nunc
1149 499 1300 582 precihus

893 618 1004 663 omnes
1027 616 1196 683 rogemus,

891 711 927 766 ut
949 720 1007 765 nos
1030 703 1062 766 iu
1086 704 1225 784 patriam

893 803 1041 868 Christus
1066 816 1220 869 aeternam

892 928 952 991 per
976 909 1047 991 ejus
1066 910 1180 973 merita
1298 931 1303 942 ·

894 1008 991 1073 ducat
1013 1018 1089 1092 post
1111 1011 1217 1074 vitam.

892 1176 981 1241 Laus
1006 1178 1047 1241 sit
1070 1178 1168 1259 digna
1193 1178 1256 1242 deo

895 1283 966 1366 ejus
990 1291 1022 1346 et
1044 1290 1120 1346 nato

892 1387 1120 1470 pneumatique
1144 1393 1274 1466 sanct0,

892 1490 946 1552 uni
972 1496 1005 1551 et
1029 1490 1111 1552 trino

893 1609 1021 1674 semper
1042 1611 1102 1674 per·
1125 1592 1232 1655 omnia

893 1695 1021 1758 saecula.
1051 1715 1152 1757 amen.

300 1879 347 1932 lls.
378 1895 412 1932 zu
439 1880 468 1933 S.
487 1879 557 1934 Paul
584 1880 611 1932 in
631 1880 757 1933 Kiirnten
785 1878 836 1932 No.
855 1881 896 1932 13.
926 1879 975 1932 des
1004 1882 1036 1932 15
1066 1879 1164 1934 Jahrh.
1192 1877 1242 1934 fol.
1261 1880 1320 1932 107.
1363 1883 1415 1939 Ein
1443 1860 1518 1938 alter

210 1973 335 2042 Hymnus
361 1989 411 2026 aus
440 1973 500 2026 dem
525 1975 542 2026 6
562 1972 631 2027 oder
649 1976 666 2025 7
683 1973 796 2040 Jahrh.,
829 1971 928 2026 dessen
948 1973 1075 2042 Sprache
1100 1974 1155 2027 und
1181 1973 1330 2028 Versmass
1355 1971 1518 2044 manigfach

210 2056 372 2115 verdorben
390 2062 496 2114 wurde.

299 2169 316 2220 5
336 2167 384 2220 hat
403 2166 463 2219 eine
483 2166 572 2236 Sylhe
590 2183 625 2219 zu
642 2166 717 2234 viel;
736 2165 881 2219 vielleicht
899 2165 956 2219 soll
975 2181 1005 2219 es
1024 2166 1148 2220 heissen:
1168 2182 1224 2220 non
1243 2169 1326 2220 sonet
1345 2171 1452 2221 tantum
1471 2183 1514 2221 os.

212 2259 229 2308 'l
248 2256 390 2312 Christum
408 2255 570 2324 nobiscum,
594 2257 640 2310 Hs.
679 2257 695 2310 8
715 2255 846 2326 quidquid
864 2261 920 2323 est,
945 2256 1002 2324 Hs,
1026 2267 1128 2328 'gegen
1146 2257 1200 2310 den
1220 2259 1299 2311 Vers.
1336 2261 1368 2311 11
1388 2256 1438 2310 hat
1455 2256 1518 2310 eine

210 2342 300 2414 Sylbe
319 2342 525 2412 zuvie13man
544 2343 649 2398 litinnte
667 2344 734 2397 hooc
753 2340 800 2396 for
819 2345 895 2396 talem
909 2348 1011 2397 setuen.
1048 2346 1087 2416 13Ι
1100 2343 1200 2414 dignus
1215 2344 1297 2398 laude
1312 2344 1450 2413 consistit,
1468 2343 1518 2398 Hs.

211 2431 246 2483 15
265 2431 332 2497 deo,
352 2430 399 2484 Hs.
450 2433 484 2484 15
503 2431 601 2507 besser
619 2433 697 2485 wilre
717 2430 868 2500 advocans.
922 2434 955 2484 11
973 2433 1041 2500 rite,
1060 2433 1108 2494 lls.
1135 2434 1207 2486 nach
1227 2434 1277 2488 der
1294 2435 1394 2503 Lmquu
1410 2437 1517 2488 rustica.

211 2518 245 2570 18
265 2517 383 2587 piscare,
402 2518 449 2571 lis.
469 2520 541 2572 nach
561 2518 708 2573 derselhen
723 2518 857 2588 Sprache.
893 2520 929 2571 20
948 2535 1028 2588 quem
1047 2520 1131 2586 seim,
1151 2520 1196 2574 Hs.
1233 2524 1266 2573 21
1287 2522 1350 2576 dum
1369 2537 1450 2590 cruc,
1468 2522 1517 2579 Hs.

211 2605 246 2660 26
267 2605 343 2672 deus,
363 2605 409 2659 lis.
445 2607 479 2660 33
499 2605 527 2658 in
546 2602 618 2660 fehlt
637 2606 687 2661 der
705 2607 751 2660 Hs.
789 2609 823 2660 35
843 2611 917 2676 post,
935 2607 983 2661 lls.
1020 2609 1054 2660 39
1073 2607 1224 2676 pneumati,
1241 2608 1288 2662 lls.

447 2909 533 2980 693.
569 2906 724 2981 Andreae
750 2897 972 3008 aposloliad
998 2937 1091 3009 vesp.
1120 2910 1280 3010 hymnus.
1343 2868 1347 2874 ι

210 3113 335 3180 Exorta
347 3096 378 3178 ¹a
400 3112 577 3178 Bethsaida

211 3219 356 3300 suscepit
378 3219 546 3282 luminaria

209 3322 243 3386 in
264 3321 362 3386 Petro
387 3332 483 3405 atque
506 3320 642 3388 Andrea

209 3425 373 3508 primitiva
398 3427 544 3500 ecclesia.

210 3613 299 3690 Quos
322 3601 591 3698 arte'piscatoria
727 3611 730 3614 ’
816 3620 834 3679 5

210 3726 394 3798 quaerentes
416 3719 569 3783 victualia

208 3821 342 3883 vocavit
364 3828 397 3884 et
420 3823 583 3884 constituit

207 3921 328 3988 Jhesus
355 3924 476 4006 piscari
498 3925 651 3989 homines.

206 4110 353 4178 Andreae
376 4115 461 4180 festa
484 4117 625 4198 gerimus

207 4235 344 4298 eumque
366 4238 466 4302 prece
489 4222 676 4302 quaerimuS,
794 4222 833 4284 10

206 4327 242 4384 ut
265 4321 338 4384 ooeli
361 4339 434 4385 cum
456 4323 623 4406 clavigero

206 4421 358 4486 conciliet
380 4441 440 4486 nos
464 4423 601 4487 domino.

205 4605 363 4674 Exultans
386 4610 502 4676 Patras
526 4613 640 4677 civitas

207 4713 330 4779 exultet
353 4734 424 4780 cum
446 4715 592 4799 Achaia,
648 4792 649 4796 Ἰ

889 3111 1035 3186 Andreae
1059 3134 1130 3196 quae
1154 3114 1293 3198 apostoli
1475 3117 1515 3176 15

890 3218 1014 3281 sancita
1037 3226 1087 3281 est
1105 3219 1270 3301 martyrio.

888 3405 1010 3470 Nostra
1032 3405 1125 3469 simul
1148 3406 1289 3471 ecclesia

889 3509 1025 3573 resultet
1049 3508 1183 3573 adhaec
1206 3510 1334 3592 gaudia,

890 3613 1029 3695 apostoli
1051 3633 1136 3679 nuno
1158 3635 1265 3678 annua

889 3735 961 3780 cum
985 3716 1101 3782 recolit
1123 3718 1299 3781 sollemnia.
1430 3715 1439 3734 ¹
1472 3719 1515 3782 20

887 3907 1051 3974 Astrictus
1075 3911 1163 4000 cruci
1185 3909 1314 3975 funibus
1425 3953 1426 3958 κ

887 4013 1004 4096 dignus
1028 4013 1090 4078 deo
1114 3999 1281 4098 apostolus

887 4116 1051 4200 pendebat
1072 4117 1166 4180 vivus
1188 4116 1286 4181 biduo
1349 4131 1358 4151 ·

888 4216 1051 4281 Christum
1073 4217 1257 4300 praedicans
1279 4215 1411 4312 populo.

887 4405 956 4468 Nos
978 4405 1065 4468 idern
1087 4404 1208 4471 Christi
1230 4407 1367 4472 famulus
1471 4410 1513 4492 ²,5

888 4529 907 4570 a
930 4507 1080 4571 vitiorum
1100 4509 1237 4575 nexibus

887 4612 995 4708 solvat
1017 4614 1210 4696 summisque
1233 4615 1356 4678 civibus

832 4757 840 4768 «
886 4701 1065 4796 conjungat
1088 4715 1152 4778 suis
1175 4715 1336 4796 precibus.
1368 4757 1373 4762 -
