3326 5322
523 742 631 820 1035.
664 742 723 813 lle
750 765 778 813 ι.
804 707 1006 830 hecardo.
1039 739 1231 838 sequeutia.

222 983 260 1052 h
283 983 433 1067 supernis
453 978 639 1047 resonando

218 1087 393 1171 jubilemus
414 1088 529 1156 laudes
553 1086 661 1152 dando
755 1140 759 1146 .

265 1194 338 1276 regi
360 1192 464 1258 dulcis
486 1192 621 1275 gloria,

223 1295 277 1378 qui
298 1298 428 1363 beatum
450 1295 674 1379 Leonardurn,

222 1396 380 1461 libertatis
403 1397 496 1460 almae
518 1396 652 1461 nardum
827 1398 847 1457 5

267 1507 299 1563 et
321 1497 435 1563 florem
457 1497 607 1564 ecclesiae

223 1721 404 1792 Sanctitate
429 1725 612 1807 decoravit,
726 1786 728 1792 .

224 1825 318 1910 quem
340 1827 469 1892 beando
491 1825 707 1910 proclamavit

267 1932 300 1995 in
317 1939 476 1995 terrarum
501 1930 617 1996 linibus

223 2054 284 2117 per
308 2035 473 2116 signorum
497 2035 693 2115 ubertatem,
779 2068 784 2077 ·
807 2034 847 2097 10

224 2135 297 2219 qnae
320 2140 362 2202 ob
384 2137 457 2220 ejus
480 2137 683 2201 sanctitatem

267 2237 394 2320 fulgent
417 2239 450 2303 in
472 2237 660 2304 hominibus.

222 2459 305 2545 Ejus
328 2479 427 2543 prece
448 2461 524 2524 lons
547 2461 702 2542 manavit,

224 2585 319 2648 quem
342 2572 457 2630 natura
480 2552 671 2655 denegavit,

267 2669 350 2734 dans
372 2678 481 2754 potum
505 2669 674 2752 indigenis.
808 2670 847 2732 15

224 2782 304 2840 aetas
327 2772 390 2837 hoc
412 2791 476 2837 non
499 2775 599 2840 habet
620 2792 751 2857 parem,

224 2878 340 2959 quibus
362 2877 451 2942 illum
473 2895 695 2960 compararem

266 2979 355 3042 miris
376 2979 409 3042 in
432 2979 601 3044 miraculis.

225 3207 306 3274 Nam
332 3209 456 3291 uaginae
480 3208 639 3273 laboranti

225 3319 259 3377 et
279 3311 312 3374 in
334 3317 429 3394 partu
451 3309 638 3398 desperanti
770 3281 772 3286 ,
805 3308 861 3402 20Ι

239 3400 242 3410 ’
269 3413 404 3478 contum
427 3407 586 3476 anilium.

226 3519 395 3583 invocatus
418 3518 588 3582 vinculatis

226 3630 260 3686 et
280 3627 439 3687 tormento
458 3621 620 3712 deputatis
695 3623 698 3627 ’

269 3726 407 3814 confert
420 3724 654 3790 adminiculum.

874 977 960 1044 ‘llic
983 979 1098 1061 regale
1120 996 1278 1064 spernens
1300 978 1385 1044 latus
1483 981 1528 1042 2⁵

899 1089 933 1146 et
954 1081 1085 1166 pinnam
1109 1081 1317 1165 pontificatus

914 1177 919 1190 '
943 1185 1022 1249 exiit
1044 1205 1063 1248 a
1085 1185 1228 1269 propriis

900 1305 1013 1351 arvum
1036 1295 1152 1370 petens
1174 1281 1388 1370 Aquilonum,

898 1389 944 1454 ibi
967 1390 1091 1472 degens
1112 1408 1177 1455 non
1200 1391 1233 1455 in
1255 1411 1372 1458 vanum

943 1493 1081 1558 inmunis
1104 1514 1125 1558 a
1146 1494 1241 1558 vitiis.
1279 1516 1287 1548 s
1426 1535 1430 1548 ·
1484 1495 1531 1558 ³0

900 1703 958 1768 Pie
974 1704 1065 1768 fusas
1087 1723 1204 1788 preces
1228 1701 1358 1770 flentum
1458 1771 1460 1776 ,

900 1805 1066 1870 exaudivit
1088 1826 1125 1871 se
1148 1814 1328 1890 petentum,

898 1912 987 1978 laute
1010 1915 1102 1978 nimir
1126 1922 1159 1978 et
1178 1914 1333 1980 talantum

943 2015 1063 2098 sparsit
1085 2015 1146 2081 sibi
1168 2016 1336 2096 traditum,

900 2201 1075 2285 Utriusque
1099 2201 1207 2268 dando
1230 2205 1337 2269 bona·
1482 2208 1526 2270 35
1650 2187 1652 2272 ι

900 2326 1047 2392 pascuae,
1072 2306 1178 2374 donec
1199 2326 1320 2374 corona
1650 2283 1652 2326 l

900 2409 1104 2494 triumphalis
1127 2419 1224 2493 atque
1248 2431 1332 2477 nona

943 2515 1045 2580 cinxit
1066 2515 1138 2600 ejus
1161 2516 1316 2600 spiritum.

901 2703 976 2772 Ave
999 2727 1120 2794 spese
1143 2710 1361 2793 captivorum,

900 2812 1069 2877 relaxator
1091 2812 1308 2894 vinculorum,
1486 2815 1531 2881 40

901 2915 1087 2981 consolator
1110 2915 1318 2997 miserorum,

900 3017 1004 3082 torma
1026 3016 1118 3097 vitae,
1141 3017 1201 3098 via
1218 3025 1358 3099 morum,
1402 3029 1408 3044 ·

944 3117 1074 3210 adjutor
1096 3120 1353 3204 promptissime!

900 3309 1022 3373 Preces
1044 3307 1119 3372 audi
1141 3315 1175 3372 te
1192 3315 1382 3393 rogantum,
1452 3398 1454 3402 .

900 3409 1130 3493 JesuOhriste,
1146 3411 1301 3494 perltuuc
1311 3419 1465 3497 sanctum,
1484 3415 1527 3480 45

900 3515 1092 3579 festinantes
1115 3513 1158 3578 ad
1180 3522 1213 3579 te
1234 3521 1357 3580 tanturn

815 3701 821 3722 -,
902 3637 963 3683 nos
987 3617 1029 3682 ad
1052 3617 1250 3704 thymadun
1272 3620 1447 3704 balantum,

946 3722 1020 3786 coeli
1044 3721 1160 3787 ductor
1182 3722 1301 3788 inclite.
1392 3811 1395 3818 Ι

312 3869 363 3964 ιιεζ
379 3927 414 3964 zu
432 3901 600 3976 uranias,
624 3908 675 3963 uo.
694 3909 737 3979 ar.
757 3904 807 3988 nn
825 3907 886 3962 ero.
914 3921 964 3961 aus
982 3906 1045 3960 nem
1064 3907 1097 3960 ιι
1115 3907 1214 3962 nnnn..
1257 3906 1315 3962 oas
1333 3906 1521 3970 urer‘wureo

225 3995 463 4051 wahrscheiulich
480 3994 528 4050 tiir
552 3995 595 4050 die
612 3993 875 4049 Leouhardslrirehc
897 4010 931 4051 zu
949 3990 1106 4048 l'rankfcrt
1126 3993 1257 4065 gemacht
1283 3993 1352 4049 oder
1375 3995 1457 4051 datin
1475 4013 1528 4070 ge-

228 4083 356 4138 braucht.
396 4081 454 4138 llas
471 4080 539 4135 Lied
557 4081 607 4136 hat
624 4077 819 4135 tramosiache
836 4079 928 4136 Form.

313 4223 347 4275 19
365 4220 549 4288 laborantem,
568 4219 617 4274 ils.
652 4221 688 4274 20
707 4219 870 4291 despiranti,
888 4219 936 4275 lla.
973 4221 1009 4273 29
1027 4218 1075 4274 ubi
1094 4218 1202 4291 digena,
1219 4220 1268 4276 lls.
1303 4219 1460 4290 disparsi,
1478 4219 1528 4274 Hs.

314 4357 347 4411 V.
366 4359 407 4412 i't.
435 4357 531 4429 thyma
550 4358 702 4430 humatum,
721 4359 765 4414 tlie
783 4358 887 4414 Waide
906 4359 956 4414 der
975 4357 1087 4416 Schafe.

310 4529 472 4602 Folgeudes
496 4535 623 4590 mutsohe
653 4534 724 4590 Lied
745 4535 856 4590 euthitlt
876 4549 928 4590 nur
952 4531 1060 4603 Bitteu,
1092 4534 1174 4590 keine
1198 4534 1383 4606 llinwsisung
1409 4530 1462 4588 aul
1475 4531 1529 4591 das

152 4685 156 4691 ²
225 4616 318 4672 Leben
338 4617 387 4672 das
401 4617 529 4692 lleiligen
549 4621 605 4676 wie
625 4621 669 4675 dia
688 4620 878 4676 lateinischen.
905 4619 942 4676 Es
961 4622 1037 4676 steht
1054 4621 1082 4676 iu
1098 4621 1147 4677 der
1160 4620 1328 4678 llinclreuer
1342 4620 1389 4676 ils.
1403 4619 1480 4691 (lgm.
1492 4623 1530 4676 73

226 4703 278 4762 des
296 4707 331 4760 1s
347 4706 445 4772 Jahrlr.
