3326 5322
261 797 347 869 999.
381 773 466 864 A'lia
494 791 676 890 sequentia
704 786 748 859 de
776 815 804 860 s.
831 789 999 862 {interino
1029 786 1272 882 (troparium).

133 1043 162 1104 1.
197 1039 260 1104 Aoo
279 1035 427 1118 preclaro
448 1029 641 1114 margarita,
665 1017 670 1024 ’

199 1160 272 1204 nam
295 1147 351 1202 tua
369 1145 483 1200 tenera

163 1319 166 1324 ¹
199 1250 249 1308 est
271 1242 339 1306 vita
362 1237 538 1304 erudeliter.
559 1239 655 1298 torta.

135 1437 166 1497 2.
197 1432 283 1512 Eupo
304 1429 400 1510 virgo
425 1424 561 1501 Christi,

130 1553 132 1558 ’
165 1577 168 1584 1
200 1543 232 1600 te
254 1530 462 1618 praesentasti

167 1663 170 1672 ·
202 1637 243 1702 ad
265 1655 378 1701 manue
400 1640 569 1714 eruentae,

201 1750 237 1807 ut
259 1743 342 1806 salsa
365 1739 493 1802 numina
516 1733 682 1815 ostendas,

203 1846 289 1928 quod
312 1863 376 1908 non
400 1844 442 1906 uit
463 1842 494 1905 in
518 1841 569 1903 his

203 1952 307 2033 naim,
330 1948 504 2013 affirmans,

208 2088 311 2169 Virro,
334 2087 429 2150 deror
443 2085 565 2161 muudi,

204 2198 239 2255 tu
260 2189 422 2272 superasti

205 2292 305 2355 salsos
330 2297 477 2353 oratores

204 2395 373 2479 praemittin
396 2410 511 2458 roseos
533 2396 568 2454 ut
590 2389 690 2454 florea

205 2501 282 2582 igne
304 2504 465 2563 crematos

208 2605 251 2668 ad
274 2603 348 2668 ooeli
371 2602 498 2668 ohoroa,

143 2797 174 2860 3.
207 2796 247 2861 To
263 2793 389 2876 plenam
410 2791 471 2872 fido

208 2898 325 2963 seimus
345 2915 404 2978 spe
427 2900 460 2958 et
482 2891 617 2956 caritate

209 2999 429 3070 blandimenta

211 3111 244 3169 et
266 3104 368 3167 minas
391 3100 520 3166 derides
541 3105 576 3162 et
597 3098 715 3180 plagas

212 3207 300 3287 regis
323 3223 494 3288 exuperaa

214 3349 255 3414 To
277 3348 393 3428 ltpoom
414 3347 483 3409 otta

212 3449 370 3514 saturavit
389 3447 601 3530 sempiterne,
696 3459 699 3466 ⁴

213 3552 301 3636 quod
323 3551 365 3616 ad
388 3551 547 3614 flammam

628 2597 767 2658 .15

878 1025 1060 1110 projectum
1084 1023 1169 1088 ooelo
1211 1075 1213 1079 ,

878 1129 1058 1194 demersum
1079 1124 1240 1210 profundo

878 1232 1008 1298 humani
1030 1231 1163 1313 generis

879 1352 954 1397 ease
977 1333 1145 1396 inimicum.

1397 1123 1438 1184 ³5

742 1524 761 1584 5
815 1529 844 1588 5.
876 1525 957 1589 Hine
980 1522 1146 1604 gentilium

881 1628 1044 1693 concurrit
1067 1625 1174 1708 plebs,
1198 1619 1313 1704 regina

883 1732 986 1797 eredit
1009 1738 1041 1792 et
1063 1727 1282 1811 Porphyrius,

883 1840 917 1898 at
939 1832 1121 1900 Maxentius

883 1936 959 2000 furit
982 1953 1021 1998 ao
1044 1933 1151 1996 tremit

883 2041 1029 2121 reginam
1047 2035 1195 2120 jugulari
1219 2040 1314 2116 atque

885 2143 999 2207 duoom
1021 2138 1193 2222 praeoepit3

885 2245 1084 2310 aeternaliter

885 2344 1061 2413 coronandi
1083 2349 1251 2407 transeunt

884 2450 926 2514 ad
950 2449 1052 2513 ooelos
1075 2444 1296 2510 victorialiter.

1402 1722 1442 1784 40

725 2079 764 2141 ro

1404 2235 1444 2324 ιι

884 2587 965 2652 Hirro
987 2603 1106 2650 munao
1125 2599 1233 2648 oerum

886 2693 1084 2775 martyribus
1108 2689 1204 2753 datur

886 2797 918 2860 in
943 2814 1048 2858 aevum
1069 2795 1101 2857 in
1125 2791 1230 2870 otelia,

887 2907 922 2962 ut
944 2897 1132 2960 Katherineo

887 3003 1010 3065 fruetus
1033 3003 1208 3063 aeoresoat.

885 3105 954 3189 jam
969 3111 1053 3167 rotae
1064 3105 1293 3185 preparantur
1307 3093 1349 3158 ad
1365 3094 1451 3156 hano

729 3201 771 3265 20
888 3207 1096 3274 laoerandam
1120 3223 1159 3268 ao
1471 3201 1473 3208 '

888 3329 964 3375 mox
987 3307 1202 3394 prosternitur

890 3424 1030 3498 martyr,
1053 3411 1142 3492 regis
1163 3409 1268 3471 illaesa

837 3596 842 3606 1
891 3518 952 3584 hiis
976 3517 1053 3579 diris
1077 3510 1280 3578 oruoiatibua

1409 3301 1449 3366 55

214 3673 275 3718 neo
297 3652 413 3718 famem
443 3671 504 3716 neo
526 3649 615 3732 regis
638 3665 772 3711 examen

214 3777 275 3822 neo
297 3764 431 3821 mortem
453 3771 586 3839 paveas,

151 3951 182 4014 4.
213 3947 257 4014 To
279 3963 395 4028 operum
417 3959 534 4026 repom,

216 4060 310 4118 torro
331 4052 569 4126 dominatorem,

218 4149 378 4235 sapientia

221 4251 331 4320 divina
352 4251 499 4328 testatio,
591 4241 594 4249 “

222 4357 399 4438 dampnosa
422 4352 549 4417 numina

223 4461 312 4542 regis
336 4457 514 4536 execraris3

226 4599 329 4679 mooe
348 4595 503 4679 torenton

223 4702 395 4768 Leotottoo
416 4703 588 4782 serpentem

633 3755 636 3762 ⁴
733 3747 774 3810 25
827 3739 857 3800 6.
889 3736 954 3800 Foo
975 3731 1090 3815 fontem
1114 3727 1249 3806 dulcem,

895 3855 988 3918 quem
1011 3829 1190 3895 Katherina

894 3946 1019 4020 martyr
1043 3928 1276 4018 praeguatavit,

895 4043 1061 4124 deportare
1082 4053 1153 4102 oum
1174 4035 1302 4096 sioooru
1323 4029 1393 4109 fide,

897 4151 931 4206 et
953 4149 985 4206 te
1008 4141 1056 4203 sio
1079 4155 1207 4216 amare,

898 4253 934 4310 ut
957 4240 1140 4308 confitendo

899 4357 986 4412 tuum
1010 4344 1169 4428 possimus

902 4468 1044 4515 amorem
1065 4447 1212 4510 invitare.

1416 3927 1467 3987 69

738 4352 780 4414 ao
1307 4415 1321 4432 ,Ι

1422 4443 1464 4505 oo

903 4591 967 4656 Fae
990 4591 1058 4669 iore·
1075 4590 1184 4652 rareto

904 4713 964 4760 nos
986 4689 1192 4772 inflammari,

1406 2773 1574 2846 oo'
