3308 5310
179 301 222 402 aa

177 503 209 542 se
242 487 409 542 moriturum
440 499 578 556 perversa
610 479 794 540 festinatione
828 482 1006 552 promiserat.
1058 483 1190 554 sumata
1224 482 1252 538 in
1291 497 1392 556 evang.
1422 485 1489 542 ioh.

179 579 215 629 tr·
240 575 360 714 121ῗῖξο
386 659 486 714 Petras
510 655 653 730 signifieat
677 673 781 728 eorpus
806 655 960 724 bonorum,
992 655 1075 711 immo
1094 672 1197 727 eorpus
1216 655 1359 726 ecelesia,
1391 658 1489 712 sedin

177 747 269 803 bonis.
296 763 361 801 uam
378 746 404 801 si
421 747 449 799 in
468 745 555 800 Petro
574 760 630 800 non
644 750 720 799 esset
734 743 862 798 eeclesiae
877 747 1089 812 sacramentum,
1110 760 1167 799 non
1180 743 1208 798 ei
1222 741 1329 798 diceret
1342 743 1484 798 dominns:

181 833 249 904 „tibi
267 832 340 886 dabo
359 831 455 886 claves
474 831 627 886 coelorum“
653 830 766 900 (tiatth.
786 829 834 898 16,
854 830 912 898 19).
939 828 964 882 si
988 829 1043 883 hoo
1061 829 1148 884 Petro
1174 834 1280 884 tantum
1305 831 1408 886 dietum
1432 837 1487 898 est,

179 937 235 976 uon
253 917 323 974 facit
341 919 396 974 hoo
415 917 551 986 eeclesia3
576 917 600 970 si
615 921 708 970 autem
722 922 750 971 et
763 916 791 968 in
807 915 930 970 eeclesia
943 913 983 983 fit,
1002 914 1111 984 Petrus,
1131 916 1242 986 qnando
1258 916 1354 971 claves
1369 916 1487 987 accepit,
1565 957 1580 976 .

180 1007 329 1062 ecelesiam
347 1009 473 1060 sanctam
492 1000 670 1075 significavit.
688 1005 821 1072 depactio.
838 1002 867 1056 in
887 1016 988 1072 evang.
1006 1002 1072 1070 doh,
1091 1007 1127 1057 tr.
1141 1003 1185 1070 51,
1204 1005 1246 1056 12.
1283 1003 1373 1060 Unter
1391 1017 1488 1060 sacra·

178 1101 298 1152 mentum
322 1095 453 1151 versteht
476 1094 650 1165 Augustinus
675 1093 812 1148 nuweiien
837 1094 889 1148 das
914 1091 1087 1148 Geheimnies
1112 1091 1182 1148 oder
1208 1092 1253 1148 die
1281 1094 1407 1166 gebeima
1435 1096 1489 1150 Be-

179 1185 310 1254 deutung.

643 1467 728 1540 677.
765 1466 823 1536 De
851 1490 877 1536 s.
903 1464 1026 1536 Petro.

178 1664 271 1745 Ave,
294 1683 313 1727 ο
338 1665 434 1728 Petne
458 1665 570 1742 beate,
861 1661 1068 1740 actionesque
1091 1659 1221 1723 insanas

221 1769 375 1852 princeps
399 1765 594 1850 apostolice,
904 1760 1007 1824 virosi
1029 1761 1197 1842 facinoris,

179 1872 328 1935 columna
352 1869 516 1932 inviolatae
860 1863 995 1926 virtutes
1020 1861 1096 1923 mihi
1121 1860 1163 1924 da
1187 1879 1283 1923 sanas

221 1974 300 2038 fidei
323 1973 512 2052 catholicae,
549 1997 551 2002 ·
903 1966 988 2028 dono
1012 1965 1059 2028 tui
1080 1965 1217 2027 roboris.

178 2076 281 2141 dulcis
304 2073 502 2158 praedicator
524 2071 611 2138 datae
787 2071 805 2131 5

220 2177 304 2259 legis
327 2175 545 2256 evangeljcae‚
858 2153 951 2234 Ave,
975 2153 1030 2234 qui
1054 2151 1222 2218 Tabitham
1244 2152 1355 2218 mortis
1444 2154 1488 2216 25

178 2282 230 2346 fao
253 2281 444 2365 participem
470 2297 520 2340 me
545 2284 649 2358 grata
832 2328 835 2337 ,
901 2257 1038 2320 Suffitas
1063 2257 1103 2364 tle
1128 2275 1278 2340 earcere,

222 2385 337 2468 gratiae
366 2383 544 2445 dominipae,
584 2415 586 2421 .
858 2367 973 2425 contra
996 2360 1087 2423 nefas
1110 2369 1146 2425 tlt
1169 2361 1228 2424 Sim
1250 2361 1360 2443 fortiS,

349 2527 352 2532 ,
900 2464 956 2546 pio
979 2465 1091 2536 confer
1113 2484 1261 2546 munero,

176 2563 269 2645 Ave,
292 2563 346 2645 qui
369 2562 588 2626 centurionem
857 2567 968 2628 mortis
991 2565 1108 2628 festina
1132 2565 1300 2649 deportis
1390 2569 1394 2574 '

221 2665 383 2732 convertis
407 2655 611 2745 Cornelium,
679 2663 681 2668 ’
765 2665 804 2726 10
900 2687 951 2731 me
975 2669 1038 2732 cito
1061 2669 1203 2752 eripere,
1251 2721 1252 2724 ,
1444 2669 1488 2733 30

177 2770 306 2834 stultam
331 2789 350 2831 a
372 2787 423 2830 me
447 2765 631 2848 passionem
857 2773 899 2837 da
921 2775 954 2836 in
975 2774 1121 2856 paradisi
1142 2774 1246 2838 hortis
1338 2759 1341 2766 ’

219 2873 319 2955 pelle,
342 2871 392 2933 ser
416 2870 567 2935 auxilium
901 2875 964 2939 deo
986 2875 1100 2952 laudes
1122 2895 1283 2961 promere.

176 2977 269 3056 mihi,
292 2995 352 3058 per
375 2973 554 3036 orationem
1109 2999 1112 3002 ·

220 3080 306 3144 tuam
330 3079 383 3142 dei
405 3077 503 3141 filium
855 3065 947 3148 Ave,
971 3067 1025 3148 qui
1047 3069 1158 3150 mortis
1180 3085 1365 3132 mucronem

176 3185 328 3268 placans,
352 3183 425 3247 coeli
447 3182 646 3262 mansionem
764 3183 802 3242 15
898 3171 1005 3234 vicisti
1028 3189 1257 3253 praepropere,

219 3287 261 3350 da
284 3295 360 3370 post
381 3286 445 3350 1100
468 3286 605 3349 exilium,
644 3325 646 3328 .
726 3355 730 3362 .
856 3291 1014 3357 spernens
1037 3292 1194 3337 caesarem
1217 3273 1379 3338 Neronem
1442 3279 1484 3340 35

580 3447 585 3454 ‚
899 3394 1048 3440 sermone
1072 3385 1105 3440 et
1128 3395 1228 3459 opere
1236 3397 1246 3458 3

174 3473 260 3555 Ave,
285 3478 339 3558 qui
361 3481 506 3558 aegrotos
529 3495 626 3540 sanas
685 3545 687 3550 ,
856 3479 915 3562 da,
937 3481 1002 3543 vim
1025 3479 1140 3559 inferni
1164 3479 1315 3546 draconis

217 3578 331 3641 umbra
353 3578 399 3642 tui
422 3579 584 3660 eorporis,
706 3665 717 3674 .
748 3621 753 3626 -
789 3633 790 3636 ,
898 3591 933 3646 ut
955 3583 1074 3664 possim
1100 3580 1291 3666 devincere,

176 3680 389 3762 cogitationes
414 3699 516 3745 vanas
561 3703 565 3708 ·
855 3700 905 3750 me
928 3687 1031 3750 tribds
1055 3686 1152 3750 dudae
1173 3687 1300 3752 leonem

218 3785 281 3848 mei
302 3786 382 3868 iuga
404 3786 546 3868 pectoris
761 3788 802 3849 20
898 3790 952 3853 iao
973 3788 1005 3852 in
1030 3789 1120 3854 coelis
1144 3808 1288 3854 cernere.
1442 3793 1484 3854 40

262 3969 309 4023 Hs.
329 3985 387 4023 von
405 3969 565 4040 'i'egernsee
583 3969 635 4028 No.
656 3971 724 4026 1821
743 3971 792 4026 des
812 3974 845 4025 15
855 3939 962 4028 ‘iahrh.
986 3991 1020 4028 zu
1039 3974 1184 4056 diiinohen.

261 4087 294 4142 V.
312 4091 337 4144 2.
364 4089 503 4161 princeps.
532 4090 660 4146 Veneror
680 4103 733 4162 pro
758 4093 801 4146 sui
828 4093 928 4148 merito
954 4097 1067 4148 Petrum
1091 4094 1210 4164 primum
1233 4095 1429 4165 apostolorum
1454 4101 1483 4151 et

174 4175 417 4230 eminentissimum
435 4182 598 4250 martyrum.
626 4180 758 4249 depactio.
778 4180 811 4235 de
830 4181 906 4252 bapt.
928 4182 955 4250 6,
971 4183 996 4235 3.
1021 4185 1127 4256 Πέτρος
1146 4180 1161 4236 ὁ
1180 4179 1232 4236 τῶν
1250 4181 1385 4254 μαθητῶν
1403 4203 1484 4258 κορυ-

174 4271 266 4332 φαῖος.
291 4263 417 4335 Cirpsost.
436 4264 469 4318 de
488 4281 571 4320 cruce
589 4269 615 4336 2,
633 4271 659 4322 2.
988 4335 990 4342 y
1168 4307 1170 4312 -
1245 4334 1247 4344 Ι
1372 4293 1375 4298 ¹

262 4351 293 4405 V.
310 4354 336 4404 la.
366 4348 442 4406 fides.
478 4351 509 4408 ln
528 4354 654 4410 omnibus
673 4351 744 4411 locis
764 4356 967 4412 ardentissimae
991 4354 1057 4412 fidei
1075 4357 1216 4414 invonitur
1235 4361 1344 4414 Petrus.
1372 4357 1481 4412 Hieron.

173 4438 203 4491 in
221 4437 317 4492 Matth.
337 4441 379 4507 15,
396 4440 441 4494 28.
478 4441 543 4494 Dies
561 4442 636 4496 wird
652 4443 689 4498 im
706 4444 805 4498 Horor.
818 4446 871 4500 241
891 4450 942 4516 gut
961 4461 993 4500 so
1014 4445 1217 4516 ansgedriiekt:
1237 4441 1253 4515 ἡ
1263 4449 1349 4520 πέτρα
1359 4443 1483 4518 Χριστὸς

174 4523 236 4595 τὴν
253 4527 384 4600 πέτραν
402 4524 463 4598 τῆς
481 4533 636 4592 πίστεως
654 4528 762 4598 δοξάζει
781 4529 916 4605 φαιδρῶς,
935 4530 987 4586 τῶν
1004 4529 1139 4602 μαθητῶν
1157 4531 1203 4588 τὸν
1221 4531 1430 4608 πρωτόθρονον.

262 4612 294 4666 V.
314 4615 339 4668 5.
365 4615 545 4685 praedicator.
576 4615 592 4671 ὁ
610 4620 726 4692 Πέτρος,
745 4616 762 4687 ἡ
781 4622 878 4698 κρηπὶς
895 4615 944 4688 τῆς
963 4620 1112 4690 ἐκκλησίας,
1131 4615 1145 4674 ὁ
1164 4617 1278 4691 μανικὸς
1297 4617 1414 4695 ἐραστὴς
1433 4619 1482 4675 τοῦ

171 4700 296 4775 Χριστοῦ
320 4704 366 4758 καὶ
385 4699 551 4766 ἀπαίδευτος
571 4701 611 4776 τῷ
628 4701 717 4778 λόγῳ,
744 4709 790 4760 καὶ
809 4704 927 4780 ῥητόρων
946 4705 1150 4783 περιγινόμενος
1168 4707 1184 4763 o‘
1195 4703 1322 4780 ’ἀμαθὴς
1340 4712 1386 4762 καὶ
1402 4709 1481 4778 φιλο-

959 4811 974 4839 Ι
