3332 5318
220 353 265 418 80

311 537 358 591 Ηο.
379 552 414 590 ιο
432 533 460 590 S.
480 533 580 592 Gallen
605 533 657 592 Nn.
676 538 736 591 557.
761 535 791 592 S.
818 537 877 590 130.
904 537 937 590 13
961 534 1059 591 Jahrh.
1087 535 1138 590 mit
1163 533 1213 589 der
1231 535 1351 592 hlelurlie
1377 537 1447 608 (d),
1479 539 1540 594 und

220 623 416 680 Reichenauer
439 622 676 691 Antiphcuarium
701 641 736 678 zu
754 623 911 678 liarlsruhe
935 623 988 677 Νο.
1006 623 1067 676 209.
1090 623 1133 677 Bl.
1152 624 1196 675 21.
1220 621 1292 693 (R),
1325 626 1397 679 auch
1415 625 1466 681 mit
1484 623 1539 680 der

223 711 354 779 melodis,
374 711 407 762 14
425 709 524 764 Jahrb.
542 708 599 762 und
617 709 667 764 der
686 709 897 767 Ueberschrii't:
916 709 945 763 in
964 707 1230 765 commemoratione
1249 726 1271 763 s.
1289 709 1379 764 Pauli.

219 873 224 878 ·
313 857 452 912 'lPaulus
472 855 502 923 G,
522 856 612 912 credit
629 857 660 911 lt
698 860 730 911 11
750 862 848 912 servat
866 856 896 912 0.
925 857 959 910 18
978 856 1070 912 crucis
1089 856 1120 911 R.
1148 857 1182 910 25
1202 857 1263 910 haec
1280 856 1313 912 ll.
1339 858 1375 911 29
1389 839 1535 914 mundali.

311 1007 345 1060 V.
365 1008 388 1058 1.
416 1004 486 1058 Sion
504 1018 560 1057 non
578 1001 628 1055 ille
646 1001 742 1071 utique
760 1002 879 1071 perditae
898 1001 1021 1058 civitatis
1040 1017 1134 1069 mons,
1167 1001 1351 1071 comploratae
1375 1002 1484 1058 scilicet
1502 1009 1536 1060 et

221 1092 369 1147 homicidae
388 1096 416 1145 et
433 1088 583 1159 parricidae
600 1087 774 1156 Jerusalem,
806 1089 856 1144 secl
874 1087 1031 1143 Jerusalem
1050 1089 1128 1160 ejus,
1154 1103 1218 1157 quae
1237 1087 1266 1142 iu
1285 1088 1365 1142 coelis
1384 1095 1442 1159 est,
1469 1107 1536 1161 quae

222 1186 313 1235 mater
337 1182 381 1233 est
403 1182 515 1242 nostra,
549 1191 612 1245 quae
637 1175 739 1230 civitas
764 1177 840 1246 regis
859 1176 956 1246 ‘magni
974 1167 1025 1230 est.
1062 1176 1145 1230 llilur.
1163 1175 1192 1229 in
1210 1192 1253 1246 ps.
1269 1177 1296 1229 2.
1315 1191 1337 1229 c.
1355 1177 1397 1230 20.
1434 1178 1537 1232 ΑιοΙιί-

223 1272 314 1322 tectus
339 1263 412 1319 wird
435 1263 541 1317 Paulus
566 1264 655 1316 echon
678 1262 709 1315 in
733 1262 794 1315 dem
818 1262 1043 1332 gallikanischen
1069 1262 1218 1318 blessbuch
1243 1267 1376 1334 genennt
1393 1265 1536 1333 (Muhtllou

221 1352 318 1423 liturg.
339 1351 505 1418 0511220).
540 1348 581 1403 Su
600 1355 685 1403 neunt
703 1365 735 1402 er
753 1349 813 1402 sich
832 1349 922 1404 selbst
939 1349 952 1402 l
970 1349 1095 1404 Corinth.
1108 1351 1197 1417 3,10.,
1216 1349 1286 1404 aber
1304 1350 1382 1405 nicht
1399 1352 1449 1407 mit
1467 1352 1533 1408 deur

221 1442 342 1498 Zusatze
367 1439 446 1495 Sion.
482 1440 563 1493 Diess
589 1437 751 1492 bezeichnet
774 1438 836 1491 hier
861 1437 905 1491 die
931 1436 1094 1491 christliche
1113 1437 1216 1492 Kirehe
1240 1442 1322 1492 unter
1346 1438 1399 1492 deu
1416 1439 1535 1505 lleiden,

220 1527 277 1581 wie
301 1527 351 1580 der
376 1527 460 1580 dritta
486 1526 557 1578 Vers
583 1525 713 1594 anneigt,
746 1523 796 1577 der
814 1525 874 1579 sich
893 1521 947 1578 aui
961 1523 1039 1577 Rom.
1058 1525 1106 1591 11,
1125 1526 1159 1578 13
1177 1523 1297 1580 bezieht.
1335 1523 1412 1580 Danu
1430 1528 1536 1598 gehbrt

221 1617 293 1670 auch
316 1615 360 1668 die
379 1613 470 1668 Stelle
489 1613 525 1668 ad
543 1613 643 1683 Ephes.
661 1615 691 1680 2,
711 1613 837 1666 20-22.
873 1615 1005 1682 Auqustiu.
1023 1627 1068 1681 ep.
1089 1612 1149 1680 185,
1169 1615 1211 1666 22.
1234 1617 1320 1668 neunt
1338 1613 1385 1668 ihu
1403 1613 1534 1668 ecclesiae

220 1717 338 1772 magnus
357 1697 521 1755 aedificator.

307 1789 342 1843 V.
360 1789 385 1840 3.
412 1788 549 1858 magister
567 1788 695 1854 ecclesias
719 1792 805 1841 neunt
822 1786 870 1840 ihn
889 1786 995 1840 Hieron.
1014 1785 1075 1839 adr.
1094 1784 1188 1840 levin
1208 1787 1232 1854 1,
1250 1786 1275 1840 5.
1311 1786 1415 1842 blissus
1433 1792 1477 1842 est
1496 1788 1533 1843 ad

221 1880 319 1948 gentes
339 1879 487 1945 apostolus
506 1879 647 1947 minimus,
680 1883 709 1933 et
730 1877 846 1932 multum
864 1877 1009 1932 laboravit
1026 1877 1056 1930 in
1074 1877 1204 1948 gentibus
1230 1883 1260 1932 st
1277 1893 1329 1948 per
1347 1894 1408 1934 eum
1427 1883 1529 1951 gentes

221 1963 408 2021 crediderunt.
444 1967 474 2022 S.
493 1968 628 2037 laqueetur
645 1982 738 2020 sermo
758 1967 801 2033 27,
823 1967 848 2018 5.
875 1963 964 2020 Galat.
982 1968 1009 2032 2,
1027 1966 1052 2018 9.

311 2053 343 2106 V.
362 2057 388 2107 l.
417 2053 500 2125 signo
519 2054 625 2121 crucis,
643 2053 712 2107 weil
730 2069 762 2106 er
780 2051 960 2123 stigmatisirt
977 2067 1047 2105 war.
1083 2051 1184 2107 2οοο.
1202 2053 1228 2120 l,
1247 2053 1288 2106 10.
1317 2051 1378 2108 Gal.
1394 2039 1421 2124 c,
1441 2056 1483 2108 12.

310 2140 342 2193 V.
362 2142 386 2194 5.
414 2139 511 2202 σκεῦος
531 2141 652 2214 ἐκλογῆς.
676 2141 739 2195 lun.
756 2141 799 2193 29.
818 2136 891 2193 nach
909 2141 970 2195 Act.
990 2142 1081 2208 apost.
1097 2139 1123 2206 9,
1143 2140 1184 2192 15.

309 2227 342 2280 V.
360 2227 385 2280 8.
404 2227 428 2281 9.
453 2226 628 2297 illustratae,
653 2226 798 2282 illuminet.
834 2232 861 2280 τί
881 2228 931 2299 μὲν
954 2225 1144 2301 λαμπρότερον
1168 2222 1295 2291 Παύλου,·
1320 2231 1346 2282 τί
1364 2227 1394 2282 δὲ
1412 2248 1532 2303 περιφα-

219 2315 345 2389 νέστερον
358 2316 482 2389 Πέτροος
499 2317 528 2369 οἳ
543 2314 591 2386 τὴν
610 2317 767 2386 οἰκουμένην
785 2317 968 2389 περιέτρεχον,
985 2311 1056 2390 ὑπὲρ
1073 2311 1120 2368 τὸν
1134 2309 1210 2382 ἥλιον
1224 2310 1384 2384 λάμποντος.
1404 2316 1533 2388 Chrytoel.

219 2399 248 2455 in
267 2417 308 2472 ps.
329 2403 389 2470 109,
408 2403 432 2455 6.

306 2490 339 2545 V.
357 2492 382 2545 9.
409 2492 513 2547 Datum
530 2491 620 2547 heisst
637 2509 669 2547 er
686 2490 817 2564 καύχημα
835 2499 882 2562 τῆς
901 2491 1064 2563 οἰκουμέιης.
1091 2490 1154 2546 dun.
1172 2491 1214 2544 29.

307 2578 340 2631 V.
358 2580 402 2633 20.
429 2587 462 2652 τῇ
478 2577 642 2653 πνευματικῇ
664 2581 794 2637 διαθέσει
811 2577 916 2642 πάντας
933 2577 998 2640 τοὺς
1018 2574 1098 2646 ὄντας
1116 2574 1287 2654 ἀνθρώπους
1305 2579 1351 2633 dni
1368 2574 1415 2648 τῆς
1432 2574 1484 2651 γῆς
1503 2579 1535 2632 οἰι

219 2665 321 2720 πολλου
340 2663 389 2722 τοῦ
406 2664 547 2742 περιόντος
565 2665 715 2744 παρήλασε.
753 2669 880 2740 Chry-rost.
899 2666 933 2720 de
953 2670 1108 2736 compunct.
1127 2669 1152 2734 2,
1171 2669 1196 2718 2.

588 2951 674 3023 682.
712 2951 769 3024 De
792 2977 819 3022 s.
845 2950 962 3022 Paulo
989 2947 1160 3048 apostolo.
1223 2925 1227 2929 ’

218 3144 319 3212 Salve
343 3156 453 3214 sancte
476 3149 592 3234 Paule,
616 3152 699 3234 legis
896 3153 1022 3238 Raptus
1045 3171 1082 3216 es
1106 3153 1136 3215 in
1159 3151 1345 3236 paradisum

261 3255 384 3316 veteris
407 3255 597 3338 armarium,
942 3263 975 3319 et
996 3256 1029 3318 in
1051 3254 1167 3319 coelum
1190 3255 1334 3335 tertium,

218 3352 301 3436 legis
324 3372 421 3419 novae
444 3355 564 3420 Christi
585 3359 673 3440 regis
898 3360 1017 3424 trinum
1039 3357 1132 3420 vides
1155 3353 1326 3422 indivisum

262 3458 409 3522 coelicum
434 3461 625 3525 sacrarium!
942 3468 1124 3526 creatorem
1147 3461 1281 3542 entium,
1484 3459 1528 3524 20

217 3555 365 3622 Christus
388 3561 459 3624 luce
482 3569 514 3624 te
538 3564 688 3644 caecavit,
825 3566 843 3624 5
900 3564 1007 3644 audis,
1031 3562 1138 3625 cernis
1162 3567 1238 3624 tunc
1261 3577 1381 3624 arcana

259 3677 432 3743 perperam
457 3662 531 3726 dum
554 3665 719 3747 graderiS,
941 3664 974 3726 iu
996 3662 1107 3726 divino
1130 3661 1264 3741 lumine,
1347 3657 1348 3661 ’

216 3780 298 3827 voce
322 3765 463 3827 clamans
487 3772 519 3828 te
541 3767 739 3848 prostravit:
900 3783 974 3847 quae
996 3782 1059 3828 non
1084 3764 1173 3846 capit
1195 3781 1285 3826 mens
1308 3761 1460 3842 humana,

260 3872 314 3948 ,ut
338 3865 414 3945 quid
436 3887 486 3930 me
509 3863 768 3950 persequeris“‘l
940 3884 1002 3929 nec
1027 3871 1159 3929 enarrat
1182 3863 1309 3928 lamine.
1371 3951 1373 3959 Ι

214 4021 283 4090 Sed
306 4036 461 4093 caecatum
484 4038 518 4093 et
540 4039 738 4114 prostratum
895 4030 978 4095 Hinc
1002 4030 1156 4111 doctrina„
1172 4030 1250 4092 vitae
1273 4045 1396 4094 murum
1482 4031 1525 4093 25

257 4130 368 4212 erigit,
390 4133 562 4215 illuminat,
802 4135 841 4197 10
938 4141 1041 4198 totum
1063 4131 1213 4197 mundum
1236 4133 1366 4196 instruis

213 4230 375 4300 Ananiam
394 4238 465 4322 J'am
487 4241 658 4320 probatum
895 4231 928 4299 et
951 4236 1094 4299 cultores
1117 4235 1278 4298 idolorum

256 4339 359 4403 virum
385 4342 441 4405 tibi
465 4341 620 4422 destinat,
939 4338 1041 4420 signis
1063 4336 1152 4400 miris
1176 4336 1331 4416 destruis,

212 4442 267 4523 qui
289 4451 496 4526 peccantem,
515 4443 719 4527 jejunantem
893 4461 967 4505 nam
990 4450 1135 4524 aegrotos
1158 4443 1304 4507 liberasti

257 4550 289 4604 te
312 4552 467 4608 caecatum
492 4543 599 4608 triduo
936 4545 1036 4608 variis
1058 4544 1286 4628 languoribus,
1480 4550 1525 4614 30

211 4647 390 4729 baptizavit
415 4657 447 4712 et
470 4649 590 4713 cibavit
799 4650 838 4714 15
892 4647 960 4710 vita
982 4647 1110 4712 iunctos
1132 4649 1311 4731 revocasti,

254 4748 411 4831 videsque
435 4752 595 4818 continuo.
921 4741 1075 4833 ‘imperas
1099 4750 1310 4816 damonibus.
