<?xml version="1.0" encoding="UTF-8"?>
<!DOCTYPE html PUBLIC "-//W3C//DTD XHTML 1.0 Transitional//EN"
    "http://www.w3.org/TR/xhtml1/DTD/xhtml1-transitional.dtd">
<html xmlns="http://www.w3.org/1999/xhtml" xml:lang="en" lang="en">
 <head>
  <title>
</title>
<meta http-equiv="Content-Type" content="text/html;charset=utf-8" />
  <meta name='ocr-system' content='tesseract 3.04.00' />
  <meta name='ocr-capabilities' content='ocr_page ocr_carea ocr_par ocr_line ocrx_word'/>
</head>
<body>
  <div class='ocr_page' id='page_1' title='image "./lateinischehymn02monegoog/lateinischehymn02monegoog_0529.png"; bbox 0 0 3294 5316; ppageno 0'>
   <div class='ocr_carea' id='block_1_1' title="bbox 1337 288 1406 354">
    <p class='ocr_par' dir='ltr' id='par_1_1' title="bbox 1337 288 1406 354">
     <span class='ocr_line' id='line_1_1' title="bbox 1337 288 1406 354; baseline 0 -1"><span class='ocrx_word' id='word_1_1' title='bbox 1337 288 1406 354; x_wconf 75' lang='lat'><strong>513</strong></span> 
     </span>
    </p>
   </div>
   <div class='ocr_carea' id='block_1_2' title="bbox 101 461 1406 774">
    <p class='ocr_par' dir='ltr' id='par_1_2' title="bbox 101 461 1406 774">
     <span class='ocr_line' id='line_1_2' title="bbox 101 461 1406 561; baseline -0.008 -12"><span class='ocrx_word' id='word_1_2' title='bbox 101 481 287 550; x_wconf 86' lang='lat' dir='ltr'><strong>coelestibus</strong></span> <span class='ocrx_word' id='word_1_3' title='bbox 309 477 462 561; x_wconf 86' lang='lat' dir='ltr'><strong>eloquiis,</strong></span> <span class='ocrx_word' id='word_1_4' title='bbox 686 461 746 539; x_wconf 62' lang='lat'><strong>25‘</strong></span> <span class='ocrx_word' id='word_1_5' title='bbox 781 473 809 540; x_wconf 92' lang='lat'>0</span> <span class='ocrx_word' id='word_1_6' title='bbox 832 473 934 558; x_wconf 85' lang='lat' dir='ltr'><strong>Juda,</strong></span> <span class='ocrx_word' id='word_1_7' title='bbox 957 493 1040 558; x_wconf 85' lang='lat' dir='ltr'><strong>gens</strong></span> <span class='ocrx_word' id='word_1_8' title='bbox 1061 475 1176 558; x_wconf 93' lang='lat' dir='ltr'><strong>impia,</strong></span> <span class='ocrx_word' id='word_1_9' title='bbox 1365 477 1406 540; x_wconf 84' lang='lat'><strong>³5</strong></span> 
     </span>
     <span class='ocr_line' id='line_1_3' title="bbox 101 579 1187 672; baseline -0.01 -19"><span class='ocrx_word' id='word_1_10' title='bbox 101 588 179 672; x_wconf 89' lang='lat' dir='ltr'><strong>quia</strong></span> <span class='ocrx_word' id='word_1_11' title='bbox 200 592 273 650; x_wconf 91' lang='lat' dir='ltr'><strong>erat</strong></span> <span class='ocrx_word' id='word_1_12' title='bbox 296 583 447 667; x_wconf 84' lang='lat' dir='ltr'><strong>divinitus</strong></span> <span class='ocrx_word' id='word_1_13' title='bbox 510 584 515 587; x_wconf 84' lang='grc'><strong>’</strong></span> <span class='ocrx_word' id='word_1_14' title='bbox 782 597 912 662; x_wconf 84' lang='lat' dir='ltr'>semper</span> <span class='ocrx_word' id='word_1_15' title='bbox 933 579 1037 644; x_wconf 84' lang='lat' dir='ltr'><strong>livore</strong></span> <span class='ocrx_word' id='word_1_16' title='bbox 1061 579 1187 660; x_wconf 87' lang='lat' dir='ltr'><strong>saucia,</strong></span> 
     </span>
     <span class='ocr_line' id='line_1_4' title="bbox 101 679 1190 774; baseline -0.01 -18"><span class='ocrx_word' id='word_1_17' title='bbox 101 709 261 774; x_wconf 90' lang='lat' dir='ltr'><strong>organum</strong></span> <span class='ocrx_word' id='word_1_18' title='bbox 283 686 387 752; x_wconf 86' lang='lat' dir='ltr'><strong>saneti</strong></span> <span class='ocrx_word' id='word_1_19' title='bbox 409 683 549 768; x_wconf 90' lang='lat' dir='ltr'><strong>spiritus.</strong></span> <span class='ocrx_word' id='word_1_20' title='bbox 783 681 875 764; x_wconf 82' lang='lat' dir='ltr'><strong>quasi</strong></span> <span class='ocrx_word' id='word_1_21' title='bbox 899 679 979 746; x_wconf 92' lang='lat' dir='ltr'><strong>Cain</strong></span> <span class='ocrx_word' id='word_1_22' title='bbox 1004 680 1046 744; x_wconf 92' lang='lat' dir='ltr'><strong>ad</strong></span> <span class='ocrx_word' id='word_1_23' title='bbox 1068 681 1190 765; x_wconf 89' lang='lat' dir='ltr'><strong>placita</strong></span> 
     </span>
    </p>
   </div>
   <div class='ocr_carea' id='block_1_3' title="bbox 783 785 1407 1075">
    <p class='ocr_par' dir='ltr' id='par_1_3' title="bbox 783 785 1407 1075">
     <span class='ocr_line' id='line_1_5' title="bbox 784 785 1130 868; baseline 0.003 -20"><span class='ocrx_word' id='word_1_24' title='bbox 784 785 846 849; x_wconf 89' lang='lat' dir='ltr'><strong>deo</strong></span> <span class='ocrx_word' id='word_1_25' title='bbox 868 785 955 868; x_wconf 89' lang='lat' dir='ltr'><strong>patri</strong></span> <span class='ocrx_word' id='word_1_26' title='bbox 977 785 1130 850; x_wconf 87' lang='lat' dir='ltr'><strong>libamina</strong></span> 
     </span>
     <span class='ocr_line' id='line_1_6' title="bbox 783 886 1186 955; baseline -0.005 -3"><span class='ocrx_word' id='word_1_27' title='bbox 783 886 905 954; x_wconf 76' lang='lat' dir='ltr'><strong>Christi</strong></span> <span class='ocrx_word' id='word_1_28' title='bbox 928 906 1047 955; x_wconf 91' lang='lat' dir='ltr'><strong>cruore</strong></span> <span class='ocrx_word' id='word_1_29' title='bbox 1071 887 1186 952; x_wconf 88' lang='lat' dir='ltr'><strong>debria</strong></span> 
     </span>
     <span class='ocr_line' id='line_1_7' title="bbox 784 987 1407 1075; baseline -0.008 -20"><span class='ocrx_word' id='word_1_30' title='bbox 784 988 945 1075; x_wconf 80' lang='lat' dir='ltr'><strong>Stephani</strong></span> <span class='ocrx_word' id='word_1_31' title='bbox 966 991 1036 1054; x_wconf 87' lang='lat' dir='ltr'><strong>sitis</strong></span> <span class='ocrx_word' id='word_1_32' title='bbox 1056 987 1207 1054; x_wconf 84' lang='lat' dir='ltr'><strong>vulnera!</strong></span> <span class='ocrx_word' id='word_1_33' title='bbox 1364 987 1407 1050; x_wconf 80' lang='lat'><strong>40</strong></span> 
     </span>
    </p>
   </div>
   <div class='ocr_carea' id='block_1_4' title="bbox 101 847 729 1126">
    <p class='ocr_par' dir='ltr' id='par_1_4' title="bbox 101 847 729 1126">
     <span class='ocr_line' id='line_1_8' title="bbox 101 847 572 936; baseline -0.023 -16"><span class='ocrx_word' id='word_1_34' title='bbox 101 852 281 936; x_wconf 77' lang='lat' dir='ltr'><strong>Cupientes</strong></span> <span class='ocrx_word' id='word_1_35' title='bbox 304 869 377 914; x_wconf 89' lang='lat' dir='ltr'><strong>eum</strong></span> <span class='ocrx_word' id='word_1_36' title='bbox 399 847 572 930; x_wconf 89' lang='lat' dir='ltr'><strong>occidere,</strong></span> 
     </span>
     <span class='ocr_line' id='line_1_9' title="bbox 102 954 497 1042; baseline -0.023 -18"><span class='ocrx_word' id='word_1_37' title='bbox 102 959 158 1042; x_wconf 91' lang='lat' dir='ltr'><strong>qui</strong></span> <span class='ocrx_word' id='word_1_38' title='bbox 179 958 244 1024; x_wconf 87' lang='lat' dir='ltr'><strong>illis</strong></span> <span class='ocrx_word' id='word_1_39' title='bbox 266 957 354 1020; x_wconf 88' lang='lat' dir='ltr'><strong>viam</strong></span> <span class='ocrx_word' id='word_1_40' title='bbox 377 954 497 1018; x_wconf 89' lang='lat' dir='ltr'><strong>domini</strong></span> 
     </span>
     <span class='ocr_line' id='line_1_10' title="bbox 101 1053 729 1126; baseline -0.016 -2"><span class='ocrx_word' id='word_1_41' title='bbox 101 1060 226 1126; x_wconf 85' lang='lat' dir='ltr'><strong>studuit</strong></span> <span class='ocrx_word' id='word_1_42' title='bbox 252 1056 392 1121; x_wconf 87' lang='lat' dir='ltr'><strong>fideliter</strong></span> <span class='ocrx_word' id='word_1_43' title='bbox 415 1053 597 1120; x_wconf 88' lang='lat' dir='ltr'><strong>ostendere.</strong></span> <span class='ocrx_word' id='word_1_44' title='bbox 686 1053 729 1114; x_wconf 87' lang='grc'><strong>30</strong></span> 
     </span>
    </p>
   </div>
   <div class='ocr_carea' id='block_1_5' title="bbox 67 1217 1322 1615">
    <p class='ocr_par' dir='ltr' id='par_1_5' title="bbox 103 1217 1322 1509">
     <span class='ocr_line' id='line_1_11' title="bbox 104 1217 1322 1310; baseline -0.007 -21"><span class='ocrx_word' id='word_1_45' title='bbox 104 1224 228 1310; x_wconf 76' lang='lat' dir='ltr'><strong>„Quem</strong></span> <span class='ocrx_word' id='word_1_46' title='bbox 250 1241 311 1287; x_wconf 91' lang='lat' dir='ltr'><strong>vos</strong></span> <span class='ocrx_word' id='word_1_47' title='bbox 334 1220 496 1287; x_wconf 80' lang='lat' dir='ltr'><strong>Christum</strong></span> <span class='ocrx_word' id='word_1_48' title='bbox 519 1226 677 1302; x_wconf 81' lang='lat' dir='ltr'><strong>negantes</strong></span> <span class='ocrx_word' id='word_1_49' title='bbox 783 1217 896 1301; x_wconf 82' lang='lat' dir='ltr'><strong>Lupus</strong></span> <span class='ocrx_word' id='word_1_50' title='bbox 918 1239 1023 1304; x_wconf 87' lang='lat' dir='ltr'><strong>rapax</strong></span> <span class='ocrx_word' id='word_1_51' title='bbox 1045 1228 1078 1284; x_wconf 88' lang='lat' dir='ltr'><strong>et</strong></span> <span class='ocrx_word' id='word_1_52' title='bbox 1099 1235 1322 1303; x_wconf 90' lang='lat' dir='ltr'><strong>persequens,</strong></span> 
     </span>
     <span class='ocr_line' id='line_1_12' title="bbox 103 1320 1263 1407; baseline -0.011 -13"><span class='ocrx_word' id='word_1_53' title='bbox 103 1335 138 1394; x_wconf 92' lang='lat' dir='ltr'><strong>et</strong></span> <span class='ocrx_word' id='word_1_54' title='bbox 160 1326 248 1392; x_wconf 86' lang='lat' dir='ltr'><strong>cruci</strong></span> <span class='ocrx_word' id='word_1_55' title='bbox 271 1323 460 1407; x_wconf 88' lang='lat' dir='ltr'><strong>affigentes,</strong></span> <span class='ocrx_word' id='word_1_56' title='bbox 785 1320 844 1385; x_wconf 90' lang='lat' dir='ltr'><strong>sed</strong></span> <span class='ocrx_word' id='word_1_57' title='bbox 867 1329 943 1404; x_wconf 89' lang='lat' dir='ltr'><strong>post</strong></span> <span class='ocrx_word' id='word_1_58' title='bbox 966 1338 1069 1404; x_wconf 89' lang='lat' dir='ltr'><strong>agnus</strong></span> <span class='ocrx_word' id='word_1_59' title='bbox 1092 1321 1263 1402; x_wconf 89' lang='lat' dir='ltr'><strong>innocens,</strong></span> 
     </span>
     <span class='ocr_line' id='line_1_13' title="bbox 104 1423 1213 1509; baseline -0.01 -12"><span class='ocrx_word' id='word_1_60' title='bbox 104 1439 191 1497; x_wconf 87' lang='lat' dir='ltr'><strong>astat</strong></span> <span class='ocrx_word' id='word_1_61' title='bbox 212 1430 289 1494; x_wconf 92' lang='lat' dir='ltr'><strong>mihi</strong></span> <span class='ocrx_word' id='word_1_62' title='bbox 311 1430 343 1493; x_wconf 93' lang='lat' dir='ltr'><strong>in</strong></span> <span class='ocrx_word' id='word_1_63' title='bbox 367 1429 557 1509; x_wconf 82' lang='lat' dir='ltr'><strong>certamine,</strong></span> <span class='ocrx_word' id='word_1_64' title='bbox 784 1443 878 1488; x_wconf 91' lang='lat' dir='ltr'><strong>mane</strong></span> <span class='ocrx_word' id='word_1_65' title='bbox 900 1423 1046 1508; x_wconf 87' lang='lat' dir='ltr'><strong>praedam</strong></span> <span class='ocrx_word' id='word_1_66' title='bbox 1068 1425 1213 1507; x_wconf 89' lang='lat' dir='ltr'><strong>rapiens,</strong></span> 
     </span>
    </p>

    <p class='ocr_par' dir='ltr' id='par_1_6' title="bbox 67 1523 1170 1615">
     <span class='ocr_line' id='line_1_14' title="bbox 67 1523 1170 1615; baseline -0.005 -17"><span class='ocrx_word' id='word_1_67' title='bbox 67 1606 69 1610; x_wconf 22' lang='lat'><strong><em>¹</em></strong></span> <span class='ocrx_word' id='word_1_68' title='bbox 104 1535 134 1598; x_wconf 91' lang='lat' dir='ltr'><strong>si</strong></span> <span class='ocrx_word' id='word_1_69' title='bbox 156 1534 270 1613; x_wconf 87' lang='lat' dir='ltr'><strong>vultis,</strong></span> <span class='ocrx_word' id='word_1_70' title='bbox 293 1532 399 1615; x_wconf 89' lang='lat' dir='ltr'><strong>ipsum</strong></span> <span class='ocrx_word' id='word_1_71' title='bbox 423 1530 544 1596; x_wconf 89' lang='lat' dir='ltr'><strong>cernite</strong></span> <span class='ocrx_word' id='word_1_72' title='bbox 554 1523 581 1590; x_wconf 79' lang='lat'><strong>!“</strong></span> <span class='ocrx_word' id='word_1_73' title='bbox 785 1527 891 1609; x_wconf 91' lang='lat' dir='ltr'><strong>spolia</strong></span> <span class='ocrx_word' id='word_1_74' title='bbox 914 1545 989 1592; x_wconf 92' lang='lat' dir='ltr'><strong>sero</strong></span> <span class='ocrx_word' id='word_1_75' title='bbox 1012 1527 1170 1593; x_wconf 88' lang='lat' dir='ltr'><strong>dividens.</strong></span> 
     </span>
    </p>
   </div>
   <div class='ocr_carea' id='block_1_6' title="bbox 112 1699 1412 1888">
    <p class='ocr_par' dir='ltr' id='par_1_7' title="bbox 112 1699 1412 1888">
     <span class='ocr_line' id='line_1_15' title="bbox 198 1699 1412 1789; baseline 0 -5"><span class='ocrx_word' id='word_1_76' title='bbox 198 1732 246 1787; x_wconf 85' lang='lat' dir='ltr'><strong>lis.</strong></span> <span class='ocrx_word' id='word_1_77' title='bbox 265 1747 300 1784; x_wconf 84' lang='lat' dir='ltr'><strong>uu</strong></span> <span class='ocrx_word' id='word_1_78' title='bbox 318 1699 455 1784; x_wconf 82' lang='lat' dir='ltr'><strong>lliinchen</strong></span> <span class='ocrx_word' id='word_1_79' title='bbox 481 1727 648 1784; x_wconf 76' lang='grc'>01119506.</span> <span class='ocrx_word' id='word_1_80' title='bbox 672 1723 769 1782; x_wconf 76' lang='lat' dir='ltr'><strong>tuot.</strong></span> <span class='ocrx_word' id='word_1_81' title='bbox 797 1730 829 1781; x_wconf 90' lang='grc'><strong>11</strong></span> <span class='ocrx_word' id='word_1_82' title='bbox 854 1727 956 1783; x_wconf 80' lang='lat' dir='ltr'><strong>Jahrb.</strong></span> <span class='ocrx_word' id='word_1_83' title='bbox 980 1727 1030 1782; x_wconf 90' lang='lat' dir='ltr'><strong>mit</strong></span> <span class='ocrx_word' id='word_1_84' title='bbox 1047 1727 1178 1783; x_wconf 86' lang='lat' dir='ltr'><strong>Neumen.</strong></span> <span class='ocrx_word' id='word_1_85' title='bbox 1213 1727 1297 1789; x_wconf 85' lang='lat' dir='ltr'><strong>Diese</strong></span> <span class='ocrx_word' id='word_1_86' title='bbox 1322 1727 1412 1784; x_wconf 89' lang='lat' dir='ltr'><strong>Verse</strong></span> 
     </span>
     <span class='ocr_line' id='line_1_16' title="bbox 112 1814 1412 1888; baseline -0.002 -14"><span class='ocrx_word' id='word_1_87' title='bbox 112 1817 175 1874; x_wconf 89' lang='lat' dir='ltr'><strong>siud</strong></span> <span class='ocrx_word' id='word_1_88' title='bbox 197 1817 240 1872; x_wconf 84' lang='lat' dir='ltr'><strong>uls</strong></span> <span class='ocrx_word' id='word_1_89' title='bbox 263 1816 307 1871; x_wconf 90' lang='lat' dir='ltr'><strong>ein</strong></span> <span class='ocrx_word' id='word_1_90' title='bbox 326 1815 586 1888; x_wconf 84' lang='lat' dir='ltr'><strong>Zwischengesang</strong></span> <span class='ocrx_word' id='word_1_91' title='bbox 611 1819 693 1869; x_wconf 87' lang='lat' dir='ltr'><strong>unter</strong></span> <span class='ocrx_word' id='word_1_92' title='bbox 721 1814 765 1868; x_wconf 90' lang='lat' dir='ltr'><strong>die</strong></span> <span class='ocrx_word' id='word_1_93' title='bbox 783 1814 948 1870; x_wconf 83' lang='lat' dir='ltr'><strong>Textworte</strong></span> <span class='ocrx_word' id='word_1_94' title='bbox 976 1815 1026 1869; x_wconf 86' lang='lat' dir='ltr'><strong>der</strong></span> <span class='ocrx_word' id='word_1_95' title='bbox 1051 1815 1333 1888; x_wconf 85' lang='lat' dir='ltr'><strong>Apostelgeschichts</strong></span> <span class='ocrx_word' id='word_1_96' title='bbox 1361 1831 1412 1888; x_wconf 88' lang='lat' dir='ltr'><strong>ge-</strong></span> 
     </span>
    </p>
   </div>
   <div class='ocr_carea' id='block_1_7' title="bbox 21 1899 1411 1976">
    <p class='ocr_par' dir='ltr' id='par_1_8' title="bbox 21 1899 1411 1976">
     <span class='ocr_line' id='line_1_17' title="bbox 21 1899 1411 1976; baseline -0.002 -17"><span class='ocrx_word' id='word_1_97' title='bbox 21 1938 23 1949; x_wconf 72' lang='grc'><em>»</em></span> <span class='ocrx_word' id='word_1_98' title='bbox 112 1904 261 1960; x_wconf 86' lang='lat' dir='ltr'><strong>schrieben</strong></span> <span class='ocrx_word' id='word_1_99' title='bbox 293 1904 356 1976; x_wconf 85' lang='grc' dir='ltr'>(Α).</span> <span class='ocrx_word' id='word_1_100' title='bbox 408 1901 456 1957; x_wconf 85' lang='lat' dir='ltr'><strong>lls.</strong></span> <span class='ocrx_word' id='word_1_101' title='bbox 487 1920 522 1956; x_wconf 86' lang='lat' dir='ltr'><strong>uu</strong></span> <span class='ocrx_word' id='word_1_102' title='bbox 553 1901 699 1972; x_wconf 86' lang='lat' dir='ltr'><strong>Stuttgart</strong></span> <span class='ocrx_word' id='word_1_103' title='bbox 737 1901 864 1956; x_wconf 89' lang='lat' dir='ltr'><strong>Breviar.</strong></span> <span class='ocrx_word' id='word_1_104' title='bbox 899 1901 954 1956; x_wconf 90' lang='lat' dir='ltr'><strong>No.</strong></span> <span class='ocrx_word' id='word_1_105' title='bbox 987 1904 1045 1958; x_wconf 80' lang='lat'>121.</span> <span class='ocrx_word' id='word_1_106' title='bbox 1082 1899 1133 1957; x_wconf 81' lang='lat' dir='ltr'><strong>iol.</strong></span> <span class='ocrx_word' id='word_1_107' title='bbox 1165 1905 1190 1957; x_wconf 81' lang='lat'><strong>2.</strong></span> <span class='ocrx_word' id='word_1_108' title='bbox 1227 1906 1277 1961; x_wconf 89' lang='lat' dir='ltr'><strong>ruit</strong></span> <span class='ocrx_word' id='word_1_109' title='bbox 1309 1905 1411 1973; x_wconf 82' lang='lat' dir='ltr'><strong>Notou,</strong></span> 
     </span>
    </p>
   </div>
   <div class='ocr_carea' id='block_1_8' title="bbox 111 1986 1102 2062">
    <p class='ocr_par' dir='ltr' id='par_1_9' title="bbox 111 1986 1102 2062">
     <span class='ocr_line' id='line_1_18' title="bbox 111 1986 1102 2062; baseline -0.002 -18"><span class='ocrx_word' id='word_1_110' title='bbox 111 1994 147 2046; x_wconf 70' lang='lat'><strong>14</strong></span> <span class='ocrx_word' id='word_1_111' title='bbox 169 1991 267 2047; x_wconf 82' lang='lat' dir='ltr'><strong>Jahrh.</strong></span> <span class='ocrx_word' id='word_1_112' title='bbox 287 1991 351 2062; x_wconf 88' lang='lat' dir='ltr'>(B).</span> <span class='ocrx_word' id='word_1_113' title='bbox 387 1989 481 2047; x_wconf 86' lang='lat' dir='ltr'><strong>Ueber</strong></span> <span class='ocrx_word' id='word_1_114' title='bbox 499 1989 596 2045; x_wconf 85' lang='lat' dir='ltr'><strong>soluhe</strong></span> <span class='ocrx_word' id='word_1_115' title='bbox 615 1987 854 2046; x_wconf 85' lang='lat' dir='ltr'><strong>Zwisehenlieder</strong></span> <span class='ocrx_word' id='word_1_116' title='bbox 873 2005 894 2043; x_wconf 89' lang='lat' dir='ltr'><strong>s.</strong></span> <span class='ocrx_word' id='word_1_117' title='bbox 912 1989 966 2044; x_wconf 90' lang='lat' dir='ltr'><strong>No.</strong></span> <span class='ocrx_word' id='word_1_118' title='bbox 983 1991 1037 2044; x_wconf 80' lang='lat'><strong>235</strong></span> <span class='ocrx_word' id='word_1_119' title='bbox 1055 1986 1102 2061; x_wconf 87' lang='lat' dir='ltr'><strong>flg.</strong></span> 
     </span>
    </p>
   </div>
   <div class='ocr_carea' id='block_1_9' title="bbox 104 2085 1414 2298">
    <p class='ocr_par' dir='ltr' id='par_1_10' title="bbox 104 2085 1414 2298">
     <span class='ocr_line' id='line_1_19' title="bbox 198 2085 1414 2196; baseline -0.002 -12"><span class='ocrx_word' id='word_1_120' title='bbox 198 2127 317 2184; x_wconf 70' lang='lat' dir='ltr'><strong>elanus</strong></span> <span class='ocrx_word' id='word_1_121' title='bbox 332 2128 363 2182; x_wconf 83' lang='grc' dir='ltr'><strong>Β.</strong></span> <span class='ocrx_word' id='word_1_122' title='bbox 400 2106 432 2180; x_wconf 80' lang='grc'><strong>11</strong></span> <span class='ocrx_word' id='word_1_123' title='bbox 451 2126 622 2182; x_wconf 73' lang='lat' dir='ltr'><strong>muraenis.</strong></span> <span class='ocrx_word' id='word_1_124' title='bbox 659 2128 763 2180; x_wconf 83' lang='lat'>13-15</span> <span class='ocrx_word' id='word_1_125' title='bbox 781 2126 843 2180; x_wconf 71' lang='lat' dir='ltr'><strong>net.</strong></span> <span class='ocrx_word' id='word_1_126' title='bbox 863 2141 908 2196; x_wconf 80' lang='lat' dir='ltr'><strong>ap.</strong></span> <span class='ocrx_word' id='word_1_127' title='bbox 927 2127 953 2195; x_wconf 84' lang='lat' dir='ltr'><strong>e,</strong></span> <span class='ocrx_word' id='word_1_128' title='bbox 968 2127 992 2181; x_wconf 86' lang='lat' dir='ltr'><strong>s.</strong></span> <span class='ocrx_word' id='word_1_129' title='bbox 1031 2129 1064 2180; x_wconf 81' lang='grc'><strong>11</strong></span> <span class='ocrx_word' id='word_1_130' title='bbox 1085 2085 1212 2184; x_wconf 74' lang='lat' dir='ltr'><strong>virorum</strong></span> <span class='ocrx_word' id='word_1_131' title='bbox 1229 2129 1286 2184; x_wconf 74' lang='lat' dir='ltr'><strong>nn,</strong></span> <span class='ocrx_word' id='word_1_132' title='bbox 1316 2128 1351 2182; x_wconf 83' lang='lat' dir='ltr'><strong>1s</strong></span> <span class='ocrx_word' id='word_1_133' title='bbox 1368 2143 1414 2182; x_wconf 73' lang='lat' dir='ltr'><strong>n·</strong></span> 
     </span>
     <span class='ocr_line' id='line_1_20' title="bbox 104 2213 1066 2298; baseline -0.003 -26"><span class='ocrx_word' id='word_1_134' title='bbox 104 2217 199 2272; x_wconf 75' lang='lat' dir='ltr'><strong>lantes</strong></span> <span class='ocrx_word' id='word_1_135' title='bbox 217 2216 274 2270; x_wconf 87' lang='lat' dir='ltr'><strong>AB.</strong></span> <span class='ocrx_word' id='word_1_136' title='bbox 309 2215 345 2269; x_wconf 78' lang='lat'><strong>20</strong></span> <span class='ocrx_word' id='word_1_137' title='bbox 362 2213 447 2270; x_wconf 90' lang='lat' dir='ltr'><strong>morti</strong></span> <span class='ocrx_word' id='word_1_138' title='bbox 465 2215 496 2269; x_wconf 89' lang='lat' dir='ltr'><strong>B.</strong></span> <span class='ocrx_word' id='word_1_139' title='bbox 532 2214 694 2298; x_wconf 71' lang='grc'>11110111.</span> <span class='ocrx_word' id='word_1_140' title='bbox 715 2214 772 2270; x_wconf 89' lang='grc' dir='ltr'><strong>ΑΒ.</strong></span> <span class='ocrx_word' id='word_1_141' title='bbox 808 2213 888 2268; x_wconf 86' lang='lat' dir='ltr'><strong>Nauh</strong></span> <span class='ocrx_word' id='word_1_142' title='bbox 905 2215 939 2266; x_wconf 80' lang='lat'><strong>25</strong></span> <span class='ocrx_word' id='word_1_143' title='bbox 958 2214 1009 2269; x_wconf 93' lang='lat' dir='ltr'><strong>hat</strong></span> <span class='ocrx_word' id='word_1_144' title='bbox 1027 2215 1066 2268; x_wconf 91' lang='lat' dir='ltr'><strong>B:</strong></span> 
     </span>
    </p>
   </div>
   <div class='ocr_carea' id='block_1_10' title="bbox 61 2299 1414 2456">
    <p class='ocr_par' dir='ltr' id='par_1_11' title="bbox 61 2299 1414 2456">
     <span class='ocr_line' id='line_1_21' title="bbox 177 2299 1273 2374; baseline 0.001 -18"><span class='ocrx_word' id='word_1_145' title='bbox 177 2303 279 2358; x_wconf 87' lang='lat' dir='ltr'><strong>hurum</strong></span> <span class='ocrx_word' id='word_1_146' title='bbox 297 2302 429 2358; x_wconf 82' lang='lat' dir='ltr'><strong>damnans</strong></span> <span class='ocrx_word' id='word_1_147' title='bbox 447 2299 593 2372; x_wconf 88' lang='lat' dir='ltr'><strong>perfidiam</strong></span> <span class='ocrx_word' id='word_1_148' title='bbox 833 2306 863 2356; x_wconf 88' lang='lat' dir='ltr'><strong>et</strong></span> <span class='ocrx_word' id='word_1_149' title='bbox 881 2301 987 2357; x_wconf 82' lang='lat' dir='ltr'><strong>Christi</strong></span> <span class='ocrx_word' id='word_1_150' title='bbox 1004 2318 1124 2358; x_wconf 76' lang='lat' dir='ltr'><strong>narrans</strong></span> <span class='ocrx_word' id='word_1_151' title='bbox 1143 2303 1273 2374; x_wconf 75' lang='lat' dir='ltr'><strong>glumam.</strong></span> 
     </span>
     <span class='ocr_line' id='line_1_22' title="bbox 61 2385 1414 2456; baseline -0.001 -11"><span class='ocrx_word' id='word_1_152' title='bbox 61 2419 63 2422; x_wconf 95' lang='lat'>·</span> <span class='ocrx_word' id='word_1_153' title='bbox 103 2391 226 2446; x_wconf 71' lang='lat'><strong>28-34</strong></span> <span class='ocrx_word' id='word_1_154' title='bbox 243 2389 372 2444; x_wconf 88' lang='lat' dir='ltr'><strong>kommen</strong></span> <span class='ocrx_word' id='word_1_155' title='bbox 395 2389 425 2442; x_wconf 91' lang='lat' dir='ltr'><strong>in</strong></span> <span class='ocrx_word' id='word_1_156' title='bbox 448 2389 471 2442; x_wconf 90' lang='lat' dir='ltr'>B</span> <span class='ocrx_word' id='word_1_157' title='bbox 496 2389 575 2443; x_wconf 85' lang='lat' dir='ltr'><strong>nieht</strong></span> <span class='ocrx_word' id='word_1_158' title='bbox 592 2404 660 2456; x_wconf 86' lang='lat' dir='ltr'><strong>vor,</strong></span> <span class='ocrx_word' id='word_1_159' title='bbox 693 2388 763 2443; x_wconf 91' lang='lat' dir='ltr'><strong>auch</strong></span> <span class='ocrx_word' id='word_1_160' title='bbox 790 2387 868 2443; x_wconf 86' lang='lat' dir='ltr'><strong>nieht</strong></span> <span class='ocrx_word' id='word_1_161' title='bbox 886 2387 930 2442; x_wconf 94' lang='grc'><strong>111</strong></span> <span class='ocrx_word' id='word_1_162' title='bbox 949 2385 1160 2445; x_wconf 84' lang='lat' dir='ltr'><strong>Schriftworte.</strong></span> <span class='ocrx_word' id='word_1_163' title='bbox 1210 2393 1245 2444; x_wconf 88' lang='lat'><strong>35</strong></span> <span class='ocrx_word' id='word_1_164' title='bbox 1263 2389 1364 2446; x_wconf 83' lang='lat' dir='ltr'><strong>Judaea</strong></span> <span class='ocrx_word' id='word_1_165' title='bbox 1382 2391 1414 2444; x_wconf 91' lang='grc' dir='ltr'><strong>Β.</strong></span> 
     </span>
    </p>
   </div>
   <div class='ocr_carea' id='block_1_11' title="bbox 19 2473 839 2556">
    <p class='ocr_par' dir='ltr' id='par_1_12' title="bbox 19 2473 839 2556">
     <span class='ocr_line' id='line_1_23' title="bbox 19 2473 839 2556; baseline -0.009 -21"><span class='ocrx_word' id='word_1_166' title='bbox 19 2547 20 2556; x_wconf 16' lang='lat'>¹</span> <span class='ocrx_word' id='word_1_167' title='bbox 103 2481 144 2534; x_wconf 74' lang='lat'><strong>37</strong></span> <span class='ocrx_word' id='word_1_168' title='bbox 161 2476 241 2531; x_wconf 86' lang='lat' dir='ltr'><strong>velut</strong></span> <span class='ocrx_word' id='word_1_169' title='bbox 259 2477 291 2530; x_wconf 89' lang='lat' dir='ltr'><strong>B.</strong></span> <span class='ocrx_word' id='word_1_170' title='bbox 327 2477 363 2530; x_wconf 82' lang='lat'><strong>39</strong></span> <span class='ocrx_word' id='word_1_171' title='bbox 381 2473 496 2529; x_wconf 86' lang='lat' dir='ltr'><strong>deebria</strong></span> <span class='ocrx_word' id='word_1_172' title='bbox 513 2477 546 2530; x_wconf 82' lang='lat' dir='ltr'><strong>A.</strong></span> <span class='ocrx_word' id='word_1_173' title='bbox 582 2475 662 2530; x_wconf 84' lang='lat' dir='ltr'><strong>Nach</strong></span> <span class='ocrx_word' id='word_1_174' title='bbox 680 2476 716 2529; x_wconf 76' lang='grc'><strong>10</strong></span> <span class='ocrx_word' id='word_1_175' title='bbox 733 2476 784 2529; x_wconf 90' lang='lat' dir='ltr'><strong>hat</strong></span> <span class='ocrx_word' id='word_1_176' title='bbox 802 2475 839 2530; x_wconf 89' lang='lat' dir='ltr'><strong>B:</strong></span> 
     </span>
    </p>
   </div>
   <div class='ocr_carea' id='block_1_12' title="bbox 106 2557 1415 3504">
    <p class='ocr_par' dir='ltr' id='par_1_13' title="bbox 181 2557 1194 2632">
     <span class='ocr_line' id='line_1_24' title="bbox 181 2557 1194 2632; baseline -0.002 -15"><span class='ocrx_word' id='word_1_177' title='bbox 181 2561 283 2618; x_wconf 86' lang='lat' dir='ltr'><strong>Natum</strong></span> <span class='ocrx_word' id='word_1_178' title='bbox 301 2576 384 2616; x_wconf 86' lang='lat' dir='ltr'><strong>sacra</strong></span> <span class='ocrx_word' id='word_1_179' title='bbox 402 2561 437 2616; x_wconf 92' lang='lat' dir='ltr'><strong>de</strong></span> <span class='ocrx_word' id='word_1_180' title='bbox 455 2561 583 2632; x_wconf 88' lang='lat' dir='ltr'><strong>virgine,</strong></span> <span class='ocrx_word' id='word_1_181' title='bbox 859 2559 917 2615; x_wconf 83' lang='lat' dir='ltr'><strong>Sed</strong></span> <span class='ocrx_word' id='word_1_182' title='bbox 935 2575 991 2616; x_wconf 93' lang='lat' dir='ltr'><strong>uno</strong></span> <span class='ocrx_word' id='word_1_183' title='bbox 1009 2557 1081 2616; x_wconf 84' lang='lat' dir='ltr'><strong>fixus</strong></span> <span class='ocrx_word' id='word_1_184' title='bbox 1100 2561 1194 2632; x_wconf 85' lang='lat' dir='ltr'><strong>lapide</strong></span> 
     </span>
    </p>

    <p class='ocr_par' dir='ltr' id='par_1_14' title="bbox 178 2646 1257 2720">
     <span class='ocr_line' id='line_1_25' title="bbox 178 2646 1257 2720; baseline 0.002 -18"><span class='ocrx_word' id='word_1_185' title='bbox 178 2663 259 2720; x_wconf 88' lang='lat' dir='ltr'><strong>quem</strong></span> <span class='ocrx_word' id='word_1_186' title='bbox 276 2663 329 2702; x_wconf 89' lang='lat' dir='ltr'><strong>vos</strong></span> <span class='ocrx_word' id='word_1_187' title='bbox 351 2646 479 2718; x_wconf 84' lang='lat' dir='ltr'><strong>negastis</strong></span> <span class='ocrx_word' id='word_1_188' title='bbox 497 2647 586 2717; x_wconf 86' lang='lat' dir='ltr'><strong>inpie,</strong></span> <span class='ocrx_word' id='word_1_189' title='bbox 857 2654 967 2720; x_wconf 91' lang='lat' dir='ltr'><strong>martyr</strong></span> <span class='ocrx_word' id='word_1_190' title='bbox 984 2649 1013 2703; x_wconf 93' lang='lat' dir='ltr'><strong>in</strong></span> <span class='ocrx_word' id='word_1_191' title='bbox 1030 2650 1086 2704; x_wconf 91' lang='lat' dir='ltr'><strong>hoo</strong></span> <span class='ocrx_word' id='word_1_192' title='bbox 1104 2651 1257 2706; x_wconf 86' lang='lat' dir='ltr'><strong>certamine</strong></span> 
     </span>
    </p>

    <p class='ocr_par' dir='ltr' id='par_1_15' title="bbox 180 2735 1257 2805">
     <span class='ocr_line' id='line_1_26' title="bbox 180 2735 1257 2805; baseline 0.001 -14"><span class='ocrx_word' id='word_1_193' title='bbox 180 2741 256 2791; x_wconf 89' lang='lat' dir='ltr'><strong>astat</strong></span> <span class='ocrx_word' id='word_1_194' title='bbox 272 2735 339 2789; x_wconf 91' lang='lat' dir='ltr'><strong>mihi</strong></span> <span class='ocrx_word' id='word_1_195' title='bbox 357 2735 491 2805; x_wconf 86' lang='lat' dir='ltr'><strong>praesidio</strong></span> <span class='ocrx_word' id='word_1_196' title='bbox 860 2736 953 2792; x_wconf 88' lang='lat' dir='ltr'><strong>nullus</strong></span> <span class='ocrx_word' id='word_1_197' title='bbox 972 2753 1103 2793; x_wconf 82' lang='lat' dir='ltr'><strong>saxorum</strong></span> <span class='ocrx_word' id='word_1_198' title='bbox 1121 2737 1257 2792; x_wconf 90' lang='lat' dir='ltr'><strong>imbribus</strong></span> 
     </span>
    </p>

    <p class='ocr_par' dir='ltr' id='par_1_16' title="bbox 181 2821 1212 2895">
     <span class='ocr_line' id='line_1_27' title="bbox 181 2821 1212 2895; baseline -0.001 -16"><span class='ocrx_word' id='word_1_199' title='bbox 181 2826 215 2879; x_wconf 90' lang='lat' dir='ltr'><strong>de</strong></span> <span class='ocrx_word' id='word_1_200' title='bbox 234 2825 332 2880; x_wconf 91' lang='lat' dir='ltr'><strong>summi</strong></span> <span class='ocrx_word' id='word_1_201' title='bbox 349 2823 439 2894; x_wconf 90' lang='lat' dir='ltr'><strong>patris</strong></span> <span class='ocrx_word' id='word_1_202' title='bbox 458 2823 547 2894; x_wconf 90' lang='lat' dir='ltr'><strong>solio,</strong></span> <span class='ocrx_word' id='word_1_203' title='bbox 769 2821 772 2824; x_wconf 78' lang='grc'><strong>’</strong></span> <span class='ocrx_word' id='word_1_204' title='bbox 859 2822 938 2877; x_wconf 83' lang='lat' dir='ltr'><strong>valet</strong></span> <span class='ocrx_word' id='word_1_205' title='bbox 956 2823 1067 2878; x_wconf 84' lang='lat' dir='ltr'><strong>devinci</strong></span> <span class='ocrx_word' id='word_1_206' title='bbox 1085 2824 1212 2895; x_wconf 76' lang='lat' dir='ltr'><strong>penitus,</strong></span> 
     </span>
    </p>

    <p class='ocr_par' dir='ltr' id='par_1_17' title="bbox 181 2900 1131 2982">
     <span class='ocr_line' id='line_1_28' title="bbox 181 2900 1131 2982; baseline -0.003 -14"><span class='ocrx_word' id='word_1_207' title='bbox 181 2919 214 2969; x_wconf 90' lang='lat' dir='ltr'><strong>ut</strong></span> <span class='ocrx_word' id='word_1_208' title='bbox 231 2900 347 2969; x_wconf 77' lang='lat' dir='ltr'><strong>securus</strong></span> <span class='ocrx_word' id='word_1_209' title='bbox 366 2913 400 2966; x_wconf 91' lang='lat' dir='ltr'><strong>de</strong></span> <span class='ocrx_word' id='word_1_210' title='bbox 418 2913 536 2982; x_wconf 84' lang='lat' dir='ltr'><strong>praemio</strong></span> <span class='ocrx_word' id='word_1_211' title='bbox 860 2905 975 2964; x_wconf 83' lang='lat' dir='ltr'><strong>&#39;victrici</strong></span> <span class='ocrx_word' id='word_1_212' title='bbox 993 2911 1131 2980; x_wconf 88' lang='lat' dir='ltr'><strong>patientia</strong></span> 
     </span>
    </p>

    <p class='ocr_par' dir='ltr' id='par_1_18' title="bbox 106 2994 1415 3244">
     <span class='ocr_line' id='line_1_29' title="bbox 182 2994 1187 3068; baseline -0.003 -14"><span class='ocrx_word' id='word_1_213' title='bbox 182 3015 240 3055; x_wconf 87' lang='lat' dir='ltr'><strong>uon</strong></span> <span class='ocrx_word' id='word_1_214' title='bbox 259 2997 356 3054; x_wconf 89' lang='lat' dir='ltr'><strong>cedam</strong></span> <span class='ocrx_word' id='word_1_215' title='bbox 373 2997 402 3052; x_wconf 92' lang='lat' dir='ltr'><strong>in</strong></span> <span class='ocrx_word' id='word_1_216' title='bbox 421 2996 569 3068; x_wconf 89' lang='lat' dir='ltr'><strong>supplicio.</strong></span> <span class='ocrx_word' id='word_1_217' title='bbox 859 2994 977 3053; x_wconf 80' lang='lat' dir='ltr'><strong>festinat</strong></span> <span class='ocrx_word' id='word_1_218' title='bbox 995 2998 1031 3053; x_wconf 91' lang='lat' dir='ltr'><strong>ad</strong></span> <span class='ocrx_word' id='word_1_219' title='bbox 1050 2997 1187 3054; x_wconf 84' lang='lat' dir='ltr'><strong>coelestia.</strong></span> 
     </span>
     <span class='ocr_line' id='line_1_30' title="bbox 106 3081 1415 3156; baseline -0.003 -13"><span class='ocrx_word' id='word_1_220' title='bbox 106 3089 146 3144; x_wconf 77' lang='grc'><strong>[11</strong></span> <span class='ocrx_word' id='word_1_221' title='bbox 159 3087 238 3140; x_wconf 74' lang='lat' dir='ltr'><strong>-ll</strong></span> <span class='ocrx_word' id='word_1_222' title='bbox 268 3084 361 3156; x_wconf 81' lang='lat' dir='ltr'><strong>gehen</strong></span> <span class='ocrx_word' id='word_1_223' title='bbox 392 3081 446 3140; x_wconf 84' lang='lat' dir='ltr'><strong>auf</strong></span> <span class='ocrx_word' id='word_1_224' title='bbox 472 3083 538 3138; x_wconf 61' lang='lat' dir='ltr'><strong>denv</strong></span> <span class='ocrx_word' id='word_1_225' title='bbox 556 3082 677 3153; x_wconf 86' lang='lat' dir='ltr'><strong>Apostel</strong></span> <span class='ocrx_word' id='word_1_226' title='bbox 707 3083 820 3138; x_wconf 89' lang='lat' dir='ltr'><strong>Paulus.</strong></span> <span class='ocrx_word' id='word_1_227' title='bbox 866 3084 947 3139; x_wconf 89' lang='lat' dir='ltr'><strong>Nauh</strong></span> <span class='ocrx_word' id='word_1_228' title='bbox 964 3087 999 3140; x_wconf 76' lang='lat' dir='ltr'><strong>ll</strong></span> <span class='ocrx_word' id='word_1_229' title='bbox 1017 3085 1107 3140; x_wconf 85' lang='lat' dir='ltr'><strong>hatB</strong></span> <span class='ocrx_word' id='word_1_230' title='bbox 1133 3102 1168 3140; x_wconf 87' lang='lat' dir='ltr'><strong>uu</strong></span> <span class='ocrx_word' id='word_1_231' title='bbox 1185 3085 1248 3140; x_wconf 86' lang='lat' dir='ltr'><strong>Act.</strong></span> <span class='ocrx_word' id='word_1_232' title='bbox 1266 3099 1310 3154; x_wconf 92' lang='lat' dir='ltr'><strong>ap.</strong></span> <span class='ocrx_word' id='word_1_233' title='bbox 1329 3087 1355 3153; x_wconf 75' lang='grc'><strong>1,</strong></span> <span class='ocrx_word' id='word_1_234' title='bbox 1373 3083 1415 3139; x_wconf 67' lang='grc'><strong>51</strong></span> 
     </span>
     <span class='ocr_line' id='line_1_31' title="bbox 108 3173 268 3244; baseline -0.038 -12"><span class='ocrx_word' id='word_1_235' title='bbox 108 3173 268 3244; x_wconf 77' lang='lat' dir='ltr'><strong>lapidabant.</strong></span> 
     </span>
    </p>

    <p class='ocr_par' dir='ltr' id='par_1_19' title="bbox 183 3250 1389 3330">
     <span class='ocr_line' id='line_1_32' title="bbox 183 3250 1389 3330; baseline -0.003 -14"><span class='ocrx_word' id='word_1_236' title='bbox 183 3259 331 3316; x_wconf 73' lang='lat' dir='ltr'><strong>sitientem</strong></span> <span class='ocrx_word' id='word_1_237' title='bbox 349 3263 378 3313; x_wconf 91' lang='lat' dir='ltr'><strong>te</strong></span> <span class='ocrx_word' id='word_1_238' title='bbox 396 3271 513 3311; x_wconf 87' lang='lat' dir='ltr'><strong>cernere</strong></span> <span class='ocrx_word' id='word_1_239' title='bbox 862 3257 1002 3314; x_wconf 87' lang='lat' dir='ltr'><strong>Christum</strong></span> <span class='ocrx_word' id='word_1_240' title='bbox 1021 3274 1141 3329; x_wconf 76' lang='lat' dir='ltr'><strong>nequens</strong></span> <span class='ocrx_word' id='word_1_241' title='bbox 1158 3274 1210 3330; x_wconf 89' lang='lat' dir='ltr'><strong>per</strong></span> <span class='ocrx_word' id='word_1_242' title='bbox 1229 3258 1337 3328; x_wconf 89' lang='lat' dir='ltr'><strong>omnia,</strong></span> <span class='ocrx_word' id='word_1_243' title='bbox 1386 3250 1389 3256; x_wconf 71' lang='grc'><strong>’</strong></span> 
     </span>
    </p>

    <p class='ocr_par' dir='ltr' id='par_1_20' title="bbox 183 3345 1228 3419">
     <span class='ocr_line' id='line_1_33' title="bbox 183 3345 1228 3419; baseline -0.004 -17"><span class='ocrx_word' id='word_1_244' title='bbox 183 3351 213 3403; x_wconf 92' lang='lat' dir='ltr'><strong>et</strong></span> <span class='ocrx_word' id='word_1_245' title='bbox 230 3351 322 3402; x_wconf 90' lang='lat' dir='ltr'><strong>tecum</strong></span> <span class='ocrx_word' id='word_1_246' title='bbox 339 3359 449 3414; x_wconf 85' lang='lat' dir='ltr'><strong>semper</strong></span> <span class='ocrx_word' id='word_1_247' title='bbox 467 3345 580 3412; x_wconf 87' lang='lat' dir='ltr'><strong>vivere,</strong></span> <span class='ocrx_word' id='word_1_248' title='bbox 862 3365 924 3419; x_wconf 84' lang='lat' dir='ltr'><strong>quae</strong></span> <span class='ocrx_word' id='word_1_249' title='bbox 942 3350 1042 3405; x_wconf 73' lang='lat' dir='ltr'><strong>mortis</strong></span> <span class='ocrx_word' id='word_1_250' title='bbox 1060 3351 1089 3404; x_wconf 80' lang='lat' dir='ltr'><strong>in</strong></span> <span class='ocrx_word' id='word_1_251' title='bbox 1107 3347 1228 3405; x_wconf 75' lang='lat' dir='ltr'><strong>confinio</strong></span> 
     </span>
    </p>

    <p class='ocr_par' dir='ltr' id='par_1_21' title="bbox 183 3430 1297 3504">
     <span class='ocr_line' id='line_1_34' title="bbox 183 3430 1297 3504; baseline 0.005 -21"><span class='ocrx_word' id='word_1_252' title='bbox 183 3433 231 3504; x_wconf 87' lang='lat' dir='ltr'><strong>qui</strong></span> <span class='ocrx_word' id='word_1_253' title='bbox 249 3437 410 3488; x_wconf 79' lang='lat' dir='ltr'><strong>sanctorum</strong></span> <span class='ocrx_word' id='word_1_254' title='bbox 428 3447 459 3486; x_wconf 88' lang='lat' dir='ltr'><strong>es</strong></span> <span class='ocrx_word' id='word_1_255' title='bbox 478 3430 575 3504; x_wconf 87' lang='lat' dir='ltr'><strong>gloria</strong></span> <span class='ocrx_word' id='word_1_256' title='bbox 861 3435 958 3492; x_wconf 78' lang='lat' dir='ltr'><strong>hostes</strong></span> <span class='ocrx_word' id='word_1_257' title='bbox 977 3434 1151 3491; x_wconf 82' lang='lat' dir='ltr'><strong>commendat</strong></span> <span class='ocrx_word' id='word_1_258' title='bbox 1168 3434 1297 3490; x_wconf 91' lang='lat' dir='ltr'><strong>domino!</strong></span> 
     </span>
    </p>
   </div>
   <div class='ocr_carea' id='block_1_13' title="bbox 183 3519 1232 3612">
    <p class='ocr_par' dir='ltr' id='par_1_22' title="bbox 183 3519 1232 3612">
     <span class='ocr_line' id='line_1_35' title="bbox 183 3519 1232 3612; baseline 0.01 -13"><span class='ocrx_word' id='word_1_259' title='bbox 183 3537 263 3592; x_wconf 67' lang='lat' dir='ltr'><strong>⁸va</strong></span> <span class='ocrx_word' id='word_1_260' title='bbox 282 3519 360 3575; x_wconf 69' lang='lat' dir='ltr'><strong>⁸³l¹²⁵</strong></span> <span class='ocrx_word' id='word_1_261' title='bbox 378 3525 408 3575; x_wconf 48' lang='grc' dir='ltr'><strong>π</strong></span> <span class='ocrx_word' id='word_1_262' title='bbox 425 3519 554 3574; x_wconf 61' lang='lat' dir='ltr'><strong>Vi⁰t⁰¹i³²</strong></span> <span class='ocrx_word' id='word_1_263' title='bbox 861 3556 971 3612; x_wconf 82' lang='lat' dir='ltr'><strong>Etcum</strong></span> <span class='ocrx_word' id='word_1_264' title='bbox 988 3558 1036 3612; x_wconf 86' lang='lat' dir='ltr'><strong>boc</strong></span> <span class='ocrx_word' id='word_1_265' title='bbox 1054 3557 1162 3610; x_wconf 66' lang='lat' dir='ltr'><strong>dixisset</strong></span> <span class='ocrx_word' id='word_1_266' title='bbox 1179 3558 1232 3610; x_wconf 89' lang='lat' dir='ltr'><strong>etc.</strong></span> 
     </span>
    </p>
   </div>
   <div class='ocr_carea' id='block_1_14' title="bbox 185 3643 562 3716">
    <p class='ocr_par' dir='ltr' id='par_1_23' title="bbox 185 3643 562 3716">
     <span class='ocr_line' id='line_1_36' title="bbox 185 3643 562 3716; baseline -0.016 -14"><span class='ocrx_word' id='word_1_267' title='bbox 185 3643 276 3716; x_wconf 82' lang='lat' dir='ltr'><strong>Opia</strong></span> <span class='ocrx_word' id='word_1_268' title='bbox 294 3647 323 3700; x_wconf 91' lang='lat' dir='ltr'><strong>et</strong></span> <span class='ocrx_word' id='word_1_269' title='bbox 338 3643 451 3715; x_wconf 87' lang='lat' dir='ltr'><strong>placida</strong></span> <span class='ocrx_word' id='word_1_270' title='bbox 469 3659 562 3712; x_wconf 88' lang='lat' dir='ltr'><strong>meus,</strong></span> 
     </span>
    </p>
   </div>
   <div class='ocr_carea' id='block_1_15' title="bbox 113 3795 1418 4653">
    <p class='ocr_par' dir='ltr' id='par_1_24' title="bbox 113 3795 1417 4217">
     <span class='ocr_line' id='line_1_37' title="bbox 202 3795 1415 3871; baseline -0.002 -14"><span class='ocrx_word' id='word_1_271' title='bbox 202 3801 236 3858; x_wconf 88' lang='lat' dir='ltr'><strong>V.</strong></span> <span class='ocrx_word' id='word_1_272' title='bbox 255 3804 279 3854; x_wconf 90' lang='lat'><strong>1.</strong></span> <span class='ocrx_word' id='word_1_273' title='bbox 309 3799 391 3871; x_wconf 88' lang='lat' dir='ltr'><strong>plebs</strong></span> <span class='ocrx_word' id='word_1_274' title='bbox 409 3799 533 3855; x_wconf 85' lang='lat' dir='ltr'><strong>levitica.</strong></span> <span class='ocrx_word' id='word_1_275' title='bbox 569 3796 649 3854; x_wconf 87' lang='lat' dir='ltr'><strong>Omni</strong></span> <span class='ocrx_word' id='word_1_276' title='bbox 667 3796 796 3852; x_wconf 85' lang='lat' dir='ltr'><strong>eeclesiae</strong></span> <span class='ocrx_word' id='word_1_277' title='bbox 813 3795 914 3852; x_wconf 87' lang='lat' dir='ltr'><strong>beatus</strong></span> <span class='ocrx_word' id='word_1_278' title='bbox 927 3796 1087 3867; x_wconf 88' lang='lat' dir='ltr'><strong>Stephanus</strong></span> <span class='ocrx_word' id='word_1_279' title='bbox 1105 3797 1188 3852; x_wconf 88' lang='lat' dir='ltr'><strong>datus</strong></span> <span class='ocrx_word' id='word_1_280' title='bbox 1208 3801 1252 3852; x_wconf 88' lang='lat' dir='ltr'><strong>est</strong></span> <span class='ocrx_word' id='word_1_281' title='bbox 1270 3796 1306 3852; x_wconf 89' lang='lat' dir='ltr'><strong>ad</strong></span> <span class='ocrx_word' id='word_1_282' title='bbox 1324 3811 1415 3854; x_wconf 80' lang='lat' dir='ltr'><strong>exem·</strong></span> 
     </span>
     <span class='ocr_line' id='line_1_38' title="bbox 113 3882 1417 3960; baseline -0.002 -18"><span class='ocrx_word' id='word_1_283' title='bbox 113 3889 206 3958; x_wconf 89' lang='lat' dir='ltr'><strong>plum,</strong></span> <span class='ocrx_word' id='word_1_284' title='bbox 236 3887 302 3960; x_wconf 88' lang='lat' dir='ltr'><strong>quia</strong></span> <span class='ocrx_word' id='word_1_285' title='bbox 321 3894 350 3944; x_wconf 90' lang='lat' dir='ltr'><strong>et</strong></span> <span class='ocrx_word' id='word_1_286' title='bbox 367 3889 396 3942; x_wconf 89' lang='lat' dir='ltr'><strong>iu</strong></span> <span class='ocrx_word' id='word_1_287' title='bbox 413 3888 498 3958; x_wconf 91' lang='lat' dir='ltr'><strong>plebe</strong></span> <span class='ocrx_word' id='word_1_288' title='bbox 516 3885 571 3942; x_wconf 86' lang='lat' dir='ltr'><strong>fuit</strong></span> <span class='ocrx_word' id='word_1_289' title='bbox 590 3883 664 3940; x_wconf 90' lang='lat' dir='ltr'><strong>etin</strong></span> <span class='ocrx_word' id='word_1_290' title='bbox 683 3885 788 3941; x_wconf 86' lang='lat' dir='ltr'><strong>altario</strong></span> <span class='ocrx_word' id='word_1_291' title='bbox 806 3885 991 3954; x_wconf 88' lang='lat' dir='ltr'><strong>ministravit,</strong></span> <span class='ocrx_word' id='word_1_292' title='bbox 1018 3901 1052 3940; x_wconf 86' lang='lat' dir='ltr'><strong>ac</strong></span> <span class='ocrx_word' id='word_1_293' title='bbox 1070 3901 1122 3956; x_wconf 90' lang='lat' dir='ltr'><strong>per</strong></span> <span class='ocrx_word' id='word_1_294' title='bbox 1140 3886 1196 3941; x_wconf 91' lang='lat' dir='ltr'><strong>hoo</strong></span> <span class='ocrx_word' id='word_1_295' title='bbox 1213 3889 1243 3941; x_wconf 92' lang='lat' dir='ltr'><strong>et</strong></span> <span class='ocrx_word' id='word_1_296' title='bbox 1260 3883 1305 3939; x_wconf 88' lang='lat' dir='ltr'><strong>his</strong></span> <span class='ocrx_word' id='word_1_297' title='bbox 1323 3882 1417 3941; x_wconf 82' lang='lat' dir='ltr'><strong>forma</strong></span> 
     </span>
     <span class='ocr_line' id='line_1_39' title="bbox 116 3971 1417 4044; baseline 0 -18"><span class='ocrx_word' id='word_1_298' title='bbox 116 3978 174 4040; x_wconf 89' lang='lat' dir='ltr'><strong>est,</strong></span> <span class='ocrx_word' id='word_1_299' title='bbox 199 3973 293 4043; x_wconf 88' lang='lat' dir='ltr'><strong>quiin</strong></span> <span class='ocrx_word' id='word_1_300' title='bbox 310 3974 394 4044; x_wconf 87' lang='lat' dir='ltr'><strong>plebe</strong></span> <span class='ocrx_word' id='word_1_301' title='bbox 412 3980 490 4044; x_wconf 88' lang='lat' dir='ltr'><strong>sunt,</strong></span> <span class='ocrx_word' id='word_1_302' title='bbox 509 3980 538 4030; x_wconf 91' lang='lat' dir='ltr'><strong>et</strong></span> <span class='ocrx_word' id='word_1_303' title='bbox 556 3971 616 4042; x_wconf 86' lang='lat' dir='ltr'><strong>his,</strong></span> <span class='ocrx_word' id='word_1_304' title='bbox 634 3973 728 4043; x_wconf 89' lang='lat' dir='ltr'><strong>quiin</strong></span> <span class='ocrx_word' id='word_1_305' title='bbox 747 3972 851 4028; x_wconf 87' lang='lat' dir='ltr'><strong>altario</strong></span> <span class='ocrx_word' id='word_1_306' title='bbox 870 3973 1030 4029; x_wconf 88' lang='lat' dir='ltr'><strong>constituti:</strong></span> <span class='ocrx_word' id='word_1_307' title='bbox 1054 3973 1121 4044; x_wconf 88' lang='lat' dir='ltr'><strong>quia</strong></span> <span class='ocrx_word' id='word_1_308' title='bbox 1138 3979 1167 4029; x_wconf 88' lang='lat' dir='ltr'><strong>et</strong></span> <span class='ocrx_word' id='word_1_309' title='bbox 1185 3973 1275 4028; x_wconf 88' lang='lat' dir='ltr'><strong>laicus</strong></span> <span class='ocrx_word' id='word_1_310' title='bbox 1293 3971 1417 4028; x_wconf 90' lang='lat' dir='ltr'><strong>diaconii</strong></span> 
     </span>
     <span class='ocr_line' id='line_1_40' title="bbox 115 4059 1416 4132; baseline -0.002 -18"><span class='ocrx_word' id='word_1_311' title='bbox 115 4059 218 4115; x_wconf 85' lang='lat' dir='ltr'><strong>meruit</strong></span> <span class='ocrx_word' id='word_1_312' title='bbox 244 4059 411 4114; x_wconf 84' lang='lat' dir='ltr'><strong>electionem</strong></span> <span class='ocrx_word' id='word_1_313' title='bbox 435 4066 464 4116; x_wconf 88' lang='lat' dir='ltr'><strong>et</strong></span> <span class='ocrx_word' id='word_1_314' title='bbox 491 4061 625 4116; x_wconf 75' lang='lat' dir='ltr'><strong>diaconus</strong></span> <span class='ocrx_word' id='word_1_315' title='bbox 649 4059 781 4132; x_wconf 85' lang='lat' dir='ltr'><strong>martyrii</strong></span> <span class='ocrx_word' id='word_1_316' title='bbox 805 4059 926 4116; x_wconf 87' lang='lat' dir='ltr'><strong>obtinuit</strong></span> <span class='ocrx_word' id='word_1_317' title='bbox 949 4061 1145 4131; x_wconf 88' lang='lat' dir='ltr'><strong>principatum.</strong></span> <span class='ocrx_word' id='word_1_318' title='bbox 1181 4063 1315 4132; x_wconf 73' lang='lat' dir='ltr'><strong>Auptoltci</strong></span> <span class='ocrx_word' id='word_1_319' title='bbox 1332 4075 1416 4115; x_wconf 87' lang='lat' dir='ltr'><strong>serm.</strong></span> 
     </span>
     <span class='ocr_line' id='line_1_41' title="bbox 116 4144 364 4217; baseline -0.008 -17"><span class='ocrx_word' id='word_1_320' title='bbox 116 4148 178 4217; x_wconf 73' lang='grc'>111,</span> <span class='ocrx_word' id='word_1_321' title='bbox 198 4149 222 4200; x_wconf 93' lang='grc'><strong>1.</strong></span> <span class='ocrx_word' id='word_1_322' title='bbox 242 4144 283 4200; x_wconf 91' lang='lat' dir='ltr'><strong>ed.</strong></span> <span class='ocrx_word' id='word_1_323' title='bbox 301 4145 364 4200; x_wconf 80' lang='lat' dir='ltr'><strong>liat.</strong></span> 
     </span>
    </p>

    <p class='ocr_par' dir='ltr' id='par_1_25' title="bbox 114 4229 1418 4653">
     <span class='ocr_line' id='line_1_42' title="bbox 202 4229 1417 4304; baseline -0.002 -15"><span class='ocrx_word' id='word_1_324' title='bbox 202 4232 235 4289; x_wconf 90' lang='lat' dir='ltr'><strong>V.</strong></span> <span class='ocrx_word' id='word_1_325' title='bbox 255 4231 297 4286; x_wconf 90' lang='lat'><strong>10.</strong></span> <span class='ocrx_word' id='word_1_326' title='bbox 325 4229 482 4302; x_wconf 87' lang='lat' dir='ltr'><strong>elegerunt.</strong></span> <span class='ocrx_word' id='word_1_327' title='bbox 508 4230 622 4286; x_wconf 84' lang='lat' dir='ltr'><strong>Electus</strong></span> <span class='ocrx_word' id='word_1_328' title='bbox 641 4235 699 4299; x_wconf 90' lang='lat' dir='ltr'><strong>est,</strong></span> <span class='ocrx_word' id='word_1_329' title='bbox 727 4246 790 4285; x_wconf 91' lang='lat' dir='ltr'><strong>oum</strong></span> <span class='ocrx_word' id='word_1_330' title='bbox 814 4230 904 4286; x_wconf 88' lang='lat' dir='ltr'><strong>adhuc</strong></span> <span class='ocrx_word' id='word_1_331' title='bbox 928 4238 1005 4288; x_wconf 89' lang='lat' dir='ltr'><strong>esset</strong></span> <span class='ocrx_word' id='word_1_332' title='bbox 1022 4233 1052 4287; x_wconf 90' lang='lat' dir='ltr'><strong>in</strong></span> <span class='ocrx_word' id='word_1_333' title='bbox 1069 4233 1177 4304; x_wconf 91' lang='lat' dir='ltr'><strong>populo</strong></span> <span class='ocrx_word' id='word_1_334' title='bbox 1195 4234 1295 4304; x_wconf 88' lang='lat' dir='ltr'><strong>plenus</strong></span> <span class='ocrx_word' id='word_1_335' title='bbox 1314 4233 1417 4304; x_wconf 88' lang='lat' dir='ltr'><strong>spiritu</strong></span> 
     </span>
     <span class='ocr_line' id='line_1_43' title="bbox 116 4315 1417 4392; baseline -0.004 -16"><span class='ocrx_word' id='word_1_336' title='bbox 116 4325 225 4377; x_wconf 83' lang='lat' dir='ltr'><strong>sancto.</strong></span> <span class='ocrx_word' id='word_1_337' title='bbox 257 4315 387 4389; x_wconf 85' lang='lat' dir='ltr'><strong>inplebo</strong></span> <span class='ocrx_word' id='word_1_338' title='bbox 406 4331 477 4388; x_wconf 86' lang='lat' dir='ltr'><strong>ergo</strong></span> <span class='ocrx_word' id='word_1_339' title='bbox 495 4315 585 4371; x_wconf 85' lang='lat' dir='ltr'><strong>adhuc</strong></span> <span class='ocrx_word' id='word_1_340' title='bbox 603 4317 714 4387; x_wconf 88' lang='lat' dir='ltr'><strong>positus</strong></span> <span class='ocrx_word' id='word_1_341' title='bbox 733 4321 803 4387; x_wconf 86' lang='lat' dir='ltr'><strong>erat,</strong></span> <span class='ocrx_word' id='word_1_342' title='bbox 823 4319 873 4374; x_wconf 87' lang='lat' dir='ltr'><strong>sed</strong></span> <span class='ocrx_word' id='word_1_343' title='bbox 888 4320 950 4392; x_wconf 87' lang='lat' dir='ltr'><strong>jam</strong></span> <span class='ocrx_word' id='word_1_344' title='bbox 968 4321 1119 4377; x_wconf 75' lang='lat' dir='ltr'><strong>virtutibus</strong></span> <span class='ocrx_word' id='word_1_345' title='bbox 1137 4320 1289 4390; x_wconf 80' lang='lat' dir='ltr'><strong>eminebat3</strong></span> <span class='ocrx_word' id='word_1_346' title='bbox 1305 4317 1417 4373; x_wconf 90' lang='lat' dir='ltr'><strong>humilis</strong></span> 
     </span>
     <span class='ocr_line' id='line_1_44' title="bbox 116 4398 1417 4476; baseline -0.004 -13"><span class='ocrx_word' id='word_1_347' title='bbox 116 4414 181 4464; x_wconf 86' lang='lat' dir='ltr'><strong>erat</strong></span> <span class='ocrx_word' id='word_1_348' title='bbox 199 4409 283 4476; x_wconf 86' lang='lat' dir='ltr'><strong>loco,</strong></span> <span class='ocrx_word' id='word_1_349' title='bbox 307 4403 358 4460; x_wconf 89' lang='lat' dir='ltr'><strong>sed</strong></span> <span class='ocrx_word' id='word_1_350' title='bbox 376 4402 468 4458; x_wconf 89' lang='lat' dir='ltr'><strong>celsus</strong></span> <span class='ocrx_word' id='word_1_351' title='bbox 486 4398 554 4472; x_wconf 86' lang='lat' dir='ltr'><strong>fide;</strong></span> <span class='ocrx_word' id='word_1_352' title='bbox 586 4402 677 4474; x_wconf 85' lang='lat' dir='ltr'><strong>gradu</strong></span> <span class='ocrx_word' id='word_1_353' title='bbox 695 4402 817 4474; x_wconf 79' lang='lat' dir='ltr'><strong>latebat,</strong></span> <span class='ocrx_word' id='word_1_354' title='bbox 836 4405 885 4460; x_wconf 89' lang='lat' dir='ltr'><strong>sed</strong></span> <span class='ocrx_word' id='word_1_355' title='bbox 903 4405 1010 4462; x_wconf 88' lang='lat' dir='ltr'><strong>meritis</strong></span> <span class='ocrx_word' id='word_1_356' title='bbox 1029 4423 1086 4462; x_wconf 91' lang='lat' dir='ltr'><strong>nou</strong></span> <span class='ocrx_word' id='word_1_357' title='bbox 1103 4406 1227 4476; x_wconf 79' lang='lat' dir='ltr'><strong>latebat3</strong></span> <span class='ocrx_word' id='word_1_358' title='bbox 1263 4404 1417 4475; x_wconf 87' lang='lat' dir='ltr'><strong>discipulus</strong></span> 
     </span>
     <span class='ocr_line' id='line_1_45' title="bbox 114 4489 1416 4568; baseline -0.002 -18"><span class='ocrx_word' id='word_1_359' title='bbox 114 4500 179 4552; x_wconf 82' lang='lat' dir='ltr'><strong>erat</strong></span> <span class='ocrx_word' id='word_1_360' title='bbox 197 4493 310 4565; x_wconf 86' lang='lat' dir='ltr'><strong>ordine,</strong></span> <span class='ocrx_word' id='word_1_361' title='bbox 338 4493 387 4548; x_wconf 89' lang='lat' dir='ltr'><strong>sed</strong></span> <span class='ocrx_word' id='word_1_362' title='bbox 414 4489 507 4547; x_wconf 84' lang='lat' dir='ltr'><strong>factus</strong></span> <span class='ocrx_word' id='word_1_363' title='bbox 531 4496 574 4546; x_wconf 87' lang='lat' dir='ltr'><strong>est</strong></span> <span class='ocrx_word' id='word_1_364' title='bbox 598 4492 734 4563; x_wconf 83' lang='lat' dir='ltr'><strong>magister</strong></span> <span class='ocrx_word' id='word_1_365' title='bbox 759 4493 901 4564; x_wconf 87' lang='lat' dir='ltr'><strong>exemplo;</strong></span> <span class='ocrx_word' id='word_1_366' title='bbox 931 4493 961 4548; x_wconf 85' lang='lat' dir='ltr'><strong>in</strong></span> <span class='ocrx_word' id='word_1_367' title='bbox 977 4494 1109 4568; x_wconf 86' lang='lat' dir='ltr'><strong>vestigiis</strong></span> <span class='ocrx_word' id='word_1_368' title='bbox 1128 4495 1201 4550; x_wconf 89' lang='lat' dir='ltr'><strong>enirn</strong></span> <span class='ocrx_word' id='word_1_369' title='bbox 1218 4493 1416 4567; x_wconf 81' lang='lat' dir='ltr'><strong>apostolorum</strong></span> 
     </span>
     <span class='ocr_line' id='line_1_46' title="bbox 116 4577 1418 4653; baseline -0.006 -13"><span class='ocrx_word' id='word_1_370' title='bbox 116 4583 281 4653; x_wconf 78' lang='lat' dir='ltr'><strong>ambulans,</strong></span> <span class='ocrx_word' id='word_1_371' title='bbox 322 4597 392 4652; x_wconf 86' lang='lat' dir='ltr'><strong>quoe</strong></span> <span class='ocrx_word' id='word_1_372' title='bbox 419 4579 591 4650; x_wconf 86' lang='lat' dir='ltr'><strong>sequebatur</strong></span> <span class='ocrx_word' id='word_1_373' title='bbox 622 4578 774 4636; x_wconf 89' lang='lat' dir='ltr'><strong>devotione</strong></span> <span class='ocrx_word' id='word_1_374' title='bbox 804 4579 884 4651; x_wconf 87' lang='lat' dir='ltr'><strong>fidei,</strong></span> <span class='ocrx_word' id='word_1_375' title='bbox 915 4583 1063 4651; x_wconf 73' lang='lat' dir='ltr'><strong>precessit</strong></span> <span class='ocrx_word' id='word_1_376' title='bbox 1094 4577 1248 4639; x_wconf 83' lang='lat' dir='ltr'><strong>velocitate</strong></span> <span class='ocrx_word' id='word_1_377' title='bbox 1279 4579 1418 4653; x_wconf 86' lang='lat' dir='ltr'><strong>martyrii.</strong></span> 
     </span>
    </p>
   </div>
   <div class='ocr_carea' id='block_1_16' title="bbox 116 4669 1207 4850">
    <p class='ocr_par' dir='ltr' id='par_1_26' title="bbox 116 4669 1207 4850">
     <span class='ocr_line' id='line_1_47' title="bbox 116 4669 476 4754; baseline -0.019 -26"><span class='ocrx_word' id='word_1_378' title='bbox 116 4673 250 4743; x_wconf 74' lang='lat' dir='ltr'><strong>dupustiu.</strong></span> <span class='ocrx_word' id='word_1_379' title='bbox 268 4669 323 4724; x_wconf 83' lang='lat' dir='ltr'><strong>ll</strong></span> <span class='ocrx_word' id='word_1_380' title='bbox 364 4683 367 4688; x_wconf 87' lang='lat'>·</span> <span class='ocrx_word' id='word_1_381' title='bbox 473 4749 476 4754; x_wconf 24' lang='grc' dir='ltr'>Ι</span> 
     </span>
     <span class='ocr_line' id='line_1_48' title="bbox 158 4763 1207 4850; baseline -0.011 -10"><span class='ocrx_word' id='word_1_382' title='bbox 158 4793 247 4850; x_wconf 77' lang='lat' dir='ltr'><strong>Morte,</strong></span> <span class='ocrx_word' id='word_1_383' title='bbox 258 4787 344 4838; x_wconf 79' lang='lat' dir='ltr'><strong>leteln.</strong></span> <span class='ocrx_word' id='word_1_384' title='bbox 360 4788 483 4846; x_wconf 78' lang='lat' dir='ltr'><strong>Hymneu.</strong></span> <span class='ocrx_word' id='word_1_385' title='bbox 501 4786 545 4833; x_wconf 88' lang='lat'>111.</span> <span class='ocrx_word' id='word_1_386' title='bbox 1163 4763 1207 4828; x_wconf 80' lang='grc'><strong>33</strong></span> 
     </span>
    </p>
   </div>
   <div class='ocr_carea' id='block_1_17' title="bbox 0 0 1660 5316">
    <p class='ocr_par' dir='ltr' id='par_1_27' title="bbox 0 0 1660 5316">
     <span class='ocr_line' id='line_1_49' title="bbox 0 0 1660 5316; baseline 0 0"><span class='ocrx_word' id='word_1_387' title='bbox 0 0 1660 5316; x_wconf 95' lang='lat' dir='ltr'><strong> </strong></span> 
     </span>
    </p>
   </div>
  </div>
 </body>
</html>
