3332 5318
80 267 245 353 'reo
424 256 431 269 ’
774 284 782 318 ⁸

178 471 289 526 dicatur
306 485 407 524 versun
425 463 485 524 iste.
522 468 604 522 niem
622 465 752 538 lleiligen
770 466 867 522 hatten
885 465 1007 520 nimlich
1025 465 1087 520 ihre
1106 465 1224 536 eigenen
1242 466 1378 538 Hymnen.
1409 469 1483 522 Dar·

177 559 249 614 nach
267 559 341 613 habe
360 558 405 612 ioh
428 557 472 612 die
490 551 689 612 Ueberschriit
706 558 823 626 gesetnt
858 554 938 608 Nach
957 553 1019 608 dem
1036 553 1114 608 Reim
1132 554 1189 608 und
1206 553 1355 610 Versmass
1373 555 1411 610 ist
1429 553 1482 608 dae

175 646 244 701 Lied
263 647 292 700 in
309 644 483 701 Frankreich
502 643 539 698 im
559 645 591 696 11
610 642 709 698 Jahrh.
728 641 867 714 gemacht.
901 642 939 698 Es
957 643 1008 696 hat
1028 641 1073 696 bei
1090 641 1124 695 V.
1141 643 1160 696 9
1179 641 1241 697 eine
1260 643 1356 698 divion

264 753 298 804 11
318 751 414 818 hoste,
431 749 478 804 ils

310 1053 396 1128 748.
433 1052 598 1151 Hymnus
625 1050 668 1123 de
696 1045 854 1150 quolibet
878 1051 1081 1122 contessore
1109 1048 1164 1122 rel
1190 1062 1353 1150 martyre.

174 1257 278 1340 Audi,
302 1256 396 1339 dens,
420 1255 663 1340 hymnizantum

175 1381 291 1446 preces
314 1369 441 1427 tuorum
464 1360 660 1443 supplicum,

176 1467 280 1532 sancti
302 1465 499 1531 confessoris
522 1465 568 1528 tui

175 1569 344 1635 sollemnia
368 1569 548 1637 colentium.

173 1738 313 1821 Insignis
335 1737 423 1801 miris
447 1737 571 1801 actibus
779 1733 798 1794 5

175 1841 229 1906 hic
249 1840 340 1906 fulsit
362 1847 395 1905 et
416 1839 605 1917 virtutibus,

174 1946 309 2010 lucerna
330 1944 443 2008 lucens
466 1943 613 2008 omnihus

175 2047 271 2112 domo
295 2046 348 2111 dei
373 2045 585 2110 manentibus.

176 2209 330 2276 Fundana
354 2211 386 2274 in
411 2209 540 2276 Christo
562 2210 700 2294 plurima

176 2312 406 2378 monachorum
430 2314 595 2395 coenobia‚

174 2434 284 2480 muros
307 2417 425 2499 erexit,
445 2417 570 2482 coelitns

174 2519 258 2582 vivis
281 2526 373 2583 utens
397 2520 569 2604 lapidibus.

761 2314 801 2377 10

852 1257 914 1322 llic
936 1256 996 1320 luit
1017 1256 1132 1320 vivens
1155 1255 1277 1339 hostia,

852 1381 913 1444 per
936 1367 1053 1426 cuncta
1073 1361 1151 1425 vitae
1175 1361 1282 1444 spatia

852 1464 1007 1528 mactavit
1028 1464 1061 1527 in
1085 1482 1121 1527 se
1143 1465 1239 1546 vitia,

853 1571 959 1636 crucis
981 1571 1117 1638 ferendo
1141 1575 1302 1656 stigmata.

1439 1464 1481 1526 15

852 1733 972 1818 Hujus,
996 1753 1016 1799 o
1040 1733 1185 1818 christe,
1208 1736 1315 1819 gloria

848 1838 919 1922 jem
940 1839 1046 1904 faetus
1069 1848 1103 1904 et
1124 1839 1278 1924 victoria,
1333 1858 1335 1862 ·
1406 1851 1410 1856 '

852 1943 953 2027 ipsius
975 1962 1036 2025 per
1059 1944 1216 2027 suffragia

853 2046 897 2110 da
918 2048 1011 2112 nobis
1034 2047 1112 2112 vitae
1135 2047 1264 2130 gandia.
1437 2051 1481 2115 20

852 2209 1037 2277 Laudamus
1060 2219 1093 2275 te
1114 2218 1241 2295 patrem
1263 2211 1374 2297 deum,

853 2315 981 2380 unicum
1004 2315 1098 2380 simul
1120 2315 1219 2379 filium

853 2417 1063 2500 spiritumque
1085 2417 1277 2500 paraclitum

853 2537 939 2584 nunc
961 2527 994 2583 et
1016 2539 1077 2602 per
1099 2537 1193 2584 omne
1216 2519 1378 2584 saeculum.

264 2675 313 2730 ns.
333 2693 368 2730 nu
385 2676 507 2731 Admont
522 2675 575 2730 No.
591 2677 651 2727 ⁷12.
674 2673 814 2729 1oJahrh
833 2671 883 2726 mit
901 2671 953 2726 der
967 2672 1162 2744 Bemerlrung:
1182 2688 1281 2744 ymnus
1300 2673 1334 2728 de
1353 2674 1480 2746 quolibet

175 2760 340 2819 confessore
358 2765 407 2817 vel
424 2768 559 2834 martyre,
577 2767 694 2832 excepto
714 2761 800 2817 tertio
814 2776 909 2829 versu,
928 2761 974 2830 qui
988 2761 1059 2816 solis
1073 2758 1270 2817 fundatoribus
1286 2763 1480 2820 coenobiorum

175 2851 315 2921 congruit,
335 2850 407 2904 sicut
425 2867 448 2904 s.
466 2850 610 2918 Pirminio,
628 2848 747 2917 Annoni,
765 2848 959 2903 willehelmo.
989 2853 1102 2904 constat
1121 2849 1248 2921 jambico
1267 2847 1387 2907 dimetro
1404 2850 1478 2905 unde

177 2937 256 3006 „darn
274 2935 361 2991 lucis“
382 2942 410 2992 et
427 2937 518 2991 minor
545 2937 579 3004 (l.
605 2936 713 3009 major)
738 2951 806 3006 pars
824 2928 972 3006 ymnorum
998 2935 1071 2990 unde
1096 2942 1124 2991 et
1147 2937 1275 2992 melodiis
1293 2940 1356 2993 cani
1373 2943 1479 3010 potest.

174 3021 231 3075 Der
249 3023 373 3093 Hymnus
391 3023 467 3078 steht
485 3039 529 3076 am
547 3022 623 3078 linde
642 3023 691 3076 des
710 3023 817 3079 Lebens
837 3024 886 3078 des
904 3024 931 3076 h.
949 3023 1086 3077 Wilhelm
1103 3040 1160 3079 ron
1178 3025 1325 3082 llirsehau.

263 3147 280 3200 3
299 3144 358 3200 vel:
378 3145 512 3217 praeclari
529 3146 664 3217 martyris
682 3145 730 3200 tni.
750 3146 798 3200 lis.
836 3147 869 3198 16
888 3142 992 3214 ferens,
1011 3146 1058 3200 lls.
1078 3162 1171 3218 gegen
1190 3146 1244 3202 das
1260 3146 1417 3202 Versmass.

177 3430 262 3505 749.
288 3434 345 3504 De
373 3432 587 3526 confessore,
616 3433 676 3531 qui
703 3459 775 3503 non
800 3373 869 3504 luit
893 3430 1061 3528 pontilex.
1093 3429 1138 3501 ad
1159 3430 1293 3526 laudes,
1318 3431 1480 3532 hymnus.

174 3632 235 3698 llic
258 3641 310 3698 est
331 3655 429 3699 verns
453 3638 657 3717 christicola,

175 3738 396 3820 apostolorum
422 3743 564 3826 assecla,

175 3841 267 3924 cujus
289 3851 392 3906 mater
416 3845 556 3910 ecclesia

173 3963 268 4009 sacra
290 3948 409 4029 promit
432 3949 607 4014 sollemnia.

174 4108 235 4186 Qui
254 4110 312 4175 illa
333 4111 411 4174 felix
435 4113 557 4194 gaudia
669 4103 670 4108 ¹
779 4117 798 4176 5

175 4229 277 4274 ovans
300 4212 489 4278 conscendit
512 4213 628 4296 ardua,

175 4315 404 4396 coeligenarnm
427 4317 531 4401 epulis
642 4335 644 4340 ’

173 4418 328 4482 irniturus
352 4420 545 4486 caelestibus,

261 4575 308 4630 lls.
327 4593 362 4630 nn
381 4576 466 4632 Grata
483 4576 571 4648 4⁰l933
593 4576 642 4630 des
662 4576 696 4636 14
713 4575 813 4631 Jahrh.

851 3632 966 3717 Cujus
990 3653 1010 3698 o
1034 3632 1177 3720 Christe,
1201 3639 1322 3703 meritis

850 3739 969 3800 nostris
994 3739 1110 3804 adesto
1132 3743 1301 3825 precibnS,

852 3857 915 3920 quo
938 3841 995 3904 tibi
1017 3841 1148 3907 laudum
1171 3842 1281 3909 debita
1316 3841 1321 3846 ’

852 3941 949 4024 digne
973 3941 1084 4008 demus
1109 3947 1274 4029 obsequia.

1435 3743 1476 3807 10

852 4105 923 4172 Tibi
943 4109 1094 4190 patrique
1118 4108 1225 4192 gloria

851 4230 923 4276 cnm
945 4221 1058 4277 sancto
1081 4215 1123 4278 sit
1145 4215 1318 4299 spiramine

851 4317 886 4378 in
907 4333 1029 4382 summa
1051 4316 1124 4381 coeli
1148 4319 1239 4382 curia

850 4441 935 4486 nuno
958 4430 990 4486 et
1012 4442 1073 4506 per
1096 4427 1212 4487 cuncta
1235 4421 1364 4486 saecula.

1435 4321 1475 4382 15

263 4686 279 4735 1
300 4681 413 4754 Christi,
431 4684 479 4738 lls.
524 4685 540 4737 5
560 4683 622 4754 quis
640 4683 703 4754 ille,
721 4683 769 4738 lls.
885 4684 887 4688 ’
