3294 5316
256 313 325 384 844

258 503 360 569 vincit
382 499 441 568 sus
463 499 640 584 cantssent,
854 509 856 514 '
936 505 963 570 o¹
981 525 1075 589 quam
1098 507 1201 575 dulcis
1225 531 1278 594 es,
1300 531 1321 579 o
1344 515 1446 600 deus,

260 625 355 688 quam
377 613 551 690 sequentes
574 607 809 689 condecenter,
979 617 1055 694 post
1078 616 1110 675 te
1133 611 1287 680 ardenter
1310 619 1481 694 currimns.

257 707 432 792 diligenter
454 715 488 772 et
510 695 665 772 ardenter
1126 783 1129 788 ,

300 813 454 880 dilectum
478 813 714 900 amplectimini.
936 813 1135 886 Aestuautes
1157 841 1229 906 prae
1252 844 1363 892 amoro
1534 828 1579 896 2'0

869 949 873 956 ·
935 936 995 984 uos
1018 914 1202 1010 consperge
1226 927 1312 995 dulci
1334 950 1431 1016 rore,

256 1017 367 1084 Dulcis
389 1037 537 1103 sponsus,
561 1020 615 1101 qui
636 1037 697 1083 vos
716 1029 811 1104 amat,
836 1021 878 1086 85
935 1041 1055 1106 sponse
1077 1035 1189 1092 noster
1209 1031 1404 1113 perdilecto,

257 1123 305 1187 sio
327 1121 452 1186 advos
475 1122 517 1186 dc
539 1123 656 1188 throno
679 1122 815 1189 clamat:
934 1125 1028 1189 trahe
1049 1145 1109 1192 uos
1131 1137 1262 1212 postte
1287 1133 1426 1219 directe,

259 1241 301 1308 „o
324 1222 452 1289 dilectae
475 1224 683 1306 consodales,
782 1236 786 1241 '
934 1235 967 1293 te
990 1229 1125 1314 sitimuS,
1148 1240 1181 1297 te
1204 1237 1375 1322 sentimus,

256 1343 388 1408 sponsae
410 1345 492 1389 meae
514 1324 695 1409 speciales,
933 1332 965 1395 in
988 1351 1047 1398 cor.
1067 1333 1156 1400 tuum
1179 1354 1290 1404 omnes
1311 1342 1410 1428 imus,
1529 1350 1573 1413 25

256 1448 308 1492 mc
329 1429 452 1511 videte,
475 1450 526 1493 me
548 1429 685 1511 habete,
977 1433 1018 1499 de
1040 1435 1126 1501 vend
1148 1439 1226 1504 vitae
1248 1443 1394 1508 bibimus.

256 1541 373 1598 memet
395 1533 498 1617 ipsum
523 1533 704 1617 possidete,
841 1539 881 1601 90
1512 1629 1516 1636 ι

300 1637 435 1718 sentite,
458 1657 508 1702 me
531 1638 688 1702 fruemini.
932 1635 969 1704 In
992 1642 1025 1703 te
1048 1657 1160 1704 omues
1183 1652 1435 1732 commoramur,

657 1815 659 1820 ι
933 1745 965 1804 te
982 1741 1136 1821 ,iunonis
1159 1748 1398 1834 amplexamur,

254 1839 319 1906 Per
341 1862 393 1906 me
414 1844 518 1927 ipsum
540 1863 601 1908 vos
621 1845 801 1929 amplector
931 1848 1054 1912 vultum
1071 1857 1163 1915 tuum
1186 1858 1462 1941 contemplamur,

231 1952 289 2013 ¹et
309 1947 477 2017 vobiscum
501 1946 736 2030 condelector„
933 1967 1026 2031 quem
1049 1961 1194 2024 amantes
1216 1956 1454 2026 inflammamur
1525 1968 1567 2032 30

254 2066 274 2112 o
298 2049 468 2130 victrices,
492 2067 512 2113 o
535 2049 664 2133 felices,
932 2061 965 2117 et
988 2057 1153 2137 nonsatis
1176 2057 1386 2144 admiramur,

253 2169 335 2216 meae
359 2171 446 2216 carae
470 2152 666 2238 dilectrices,
765 2207 766 2210 ,
838 2161 878 2224 95
931 2175 995 2240 quo
1018 2161 1185 2225 nonsatis
1208 2164 1375 2248 satiamur,
1451 2153 1456 2161 ⁸

254 2261 381 2336 gratam
404 2255 498 2319 vobis
521 2256 624 2320 vicem
644 2276 745 2342 gero,
974 2260 1106 2327 excedis
1129 2266 1212 2328 enim
1228 2269 1350 2333 omnia.
1384 2278 1393 2356 J

252 2364 364 2420 vester
386 2375 450 2439 ego
473 2377 544 2423 sum
567 2367 599 2424 et
622 2380 679 2425 ero

295 2481 346 2526 me
369 2481 522 2546 sponsum
546 2459 764 2531 osculamiui“.
933 2463 1013 2529 Cum
1033 2466 1089 2532 tut
1110 2479 1213 2535 matre
1237 2473 1358 2557 Maria,

932 2584 1006 2650 quae
1026 2589 1086 2636 uos
1109 2576 1206 2656 praeit
1227 2577 1290 2642 hac
1311 2579 1345 2642 in
1367 2581 1439 2664 via,
1520 2587 1561 2650 35

251 2669 308 2756 Ad
329 2672 414 2740 hano
435 2694 562 2758 mem,
587 2697 607 2742 0
630 2679 763 2746 athleta,
772 2730 781 2765 ‚
929 2679 1042 2737 nostro
1066 2672 1179 2740 damus
1201 2679 1373 2764 salvatori,

251 2775 345 2839 laetas
368 2795 463 2840 aures
486 2777 650 2863 adhibete,
814 2769 877 2850 100'
927 2795 991 2860 pr0
1014 2795 1078 2862 11110
1099 2779 1159 2846 fuit
1182 2781 1276 2848 dulce
1298 2786 1397 2867 mori,

251 2878 328 2960 quid
351 2878 515 2961 decantet,
536 2884 720 2969 peraudite,
929 2881 984 2962 qui
1002 2881 1132 2964 juvisti,
1156 2886 1210 2966 qui
1232 2887 1353 2971 vicisti,

249 2987 380 3064 etpost
401 2983 508 3060 mitem
532 2993 650 3068 agnum
672 2989 717 3054 ite
915 2983 982 3066 -qni
1008 2985 1050 3050 ad
1073 2992 1105 3058 te
1128 3005 1188 3053 nos
1210 2993 1415 3073 pertraxisti,

249 3085 343 3150 novis
366 3087 457 3152 stolis
480 3088 658 3175 decoratae,
970 3090 1013 3153 sit
1034 3091 1092 3155 tibi
1114 3081 1185 3156 laus
1211 3102 1244 3157 et
1267 3091 1402 3178 gloria.“
1513 3103 1558 3168 to

181 3223 191 3240 .
248 3196 324 3273 post
347 3189 499 3258 dilectum
521 3197 684 3262 ambulate
834 3204 836 3209 '
1418 3275 1420 3279 ,

292 3299 446 3360 canentes
470 3315 541 3362 cum
564 3301 723 3384 tripudio:
854 3311 874 3371 5
927 3277 1120 3364 ⁰5⁰⁸ig¹¹⁰⁵
1142 3301 1281 3367 8Ροηθθθ-
1296 3287 1366 3370 ‘¹²5³

430 3412 433 3416 -
630 3432 632 3435 .
925 3393 1120 3450 mementote
1143 3406 1255 3468 quaeso
1271 3392 1356 3473 mei,

246 3479 333 3566 ,l'lJ'n
353 3485 451 3551 modo
469 3488 664 3576 jubilemus,
924 3505 990 3553 non
1013 3477 1054 3552 sit
1075 3491 1169 3554 vobis
1192 3491 1255 3558 hoc
1277 3493 1445 3578 indiguum

246 3586 375 3653 laudem
398 3589 461 3656 deo
485 3591 707 3680 decantemus,
924 3595 1126 3678 paupertatis
1149 3617 1231 3662 meac
1253 3600 1395 3684 signum,

246 3693 299 3774 qui
322 3715 343 3759 a
364 3696 482 3763 mundo
505 3717 565 3763 nos
586 3703 729 3784 protexit
923 3699 1050 3766 sithoc
1073 3703 1167 3768 vobis
1190 3722 1320 3769 carmen
1344 3724 1472 3789 carum,
1505 3709 1549 3772 45
1626 3795 1627 3804 ἵ

246 3800 279 3858 et
302 3814 322 3859 a
343 3798 463 3864 mundo
485 3817 545 3864 nos
568 3806 764 3888 transvexit,
923 3804 1068 3883 quamvis
1091 3825 1229 3888 parvum
1251 3811 1397 3891 quamvis
1419 3831 1548 3894 parum,

244 3913 305 3960 uos
328 3895 369 3960 de
391 3900 488 3963 terris
511 3900 682 3982 adjuvavit
827 3910 867 3972 to
965 3905 1068 3971 offero
1091 3923 1164 3980 tum
1183 3904 1307 3976 laetitia·

244 4006 278 4061 et
299 3998 332 4060 in
355 4000 446 4063 coelis
468 4005 654 4088 coronavit,

287 4119 347 4165 uos
370 4103 505 4186 implens
529 4109 614 4172 omni
633 4109 761 4192 gaudio.
921 4093 947 4158 ⁰
970 4097 1141 4180 Plae‘ilflfae
1164 4114 1224 4162 V⁰⁵
1246 4101 1380 4184 puellae,

920 4218 1006 4264 nunc
1027 4199 1159 4284 impleta
1180 4221 1285 4268 meum
1307 4208 1414 4290 velle,

242 4289 431 4358 Exultemus
454 4301 487 4358 et
510 4295 658 4360 laetemur
919 4303 995 4367 dum
1017 4323 1068 4368 me
1089 4305 1201 4369 mortis
1224 4317 1321 4390 urget
1343 4310 1433 4394 hora,
1502 4317 1543 4381 to

227 4403 275 4480 et
298 4413 369 4459 cum
387 4414 473 4477 agno
491 4396 723 4484 jocundemur,
920 4407 1088 4474 subvenite
1111 4408 1180 4472 sine
1201 4409 1307 4493 mora,

242 4496 452 4580 delectemur,
476 4500 658 4585 epulemur,
824 4510 864 4571 15
918 4509 950 4573 in
973 4517 1037 4573 tam
1060 4511 1157 4591 gravi·
1179 4518 1372 4594 tempestate

183 4587 185 4592 ’
239 4617 326 4664 novo
350 4608 445 4664 cantu
467 4601 687 4684 modulemur,
917 4594 969 4676 ine
990 4619 1171 4696 praesentes
1195 4612 1364 4683 defensate

238 4701 292 4767 hic
314 4710 363 4767 est
386 4723 486 4770 annus
504 4707 676 4795 jubilaeus,
963 4697 1184 4782 adaemonum
1206 4718 1367 4784 instantia.
