3294 5322
1346 349 1415 416 itt

104 531 171 592 fidis
189 534 570 602 testimoniis'oeletrsmtur,
582 533 710 604 ιιιιιιιι
727 542 771 602 ιι,
789 544 858 604 uum
870 533 1011 604 turbanter
1028 531 1181 604 ssiogolis
1191 533 1315 605 ιιιιιιιι,
1334 539 1414 592 reete

105 621 230 682 detemt
246 622 353 679 moritis
376 622 498 678 omnium
515 621 599 677 simul
615 619 743 678 mseribi

196 710 303 767 Sancta
320 724 392 767 vero
412 707 590 766 Coloniensis
608 706 729 762 eeclesia
746 720 798 777 per
816 701 957 782 suffragiu
974 710 1136 762 sanctorum
1154 711 1323 804 martyrum,
1342 723 1412 778 quo·

103 813 168 854 rum
186 813 311 869 corpora
329 797 358 852 iu
377 813 429 852 suo
442 795 556 868 gremio
574 793 676 849 meruit
692 790 817 849 fovenda
836 794 997 864 suscipere,
1021 811 1078 850 non
1103 774 1204 850 uestitu
1223 811 1310 866 usque
1328 794 1412 851 hodie

103 882 188 942 fidem
212 884 378 940 inviolatam
405 883 553 951 excolere,
586 895 668 953 quum
692 893 710 935 u
737 880 868 936 llaterno
892 881 984 952 primo
1002 894 1060 936 suo
1085 880 1220 953 episeopo
1239 898 1269 938 se
1290 881 1413 939 meminit

105 973 275 1044 suscepisse.
294 971 368 1045 apud
383 987 465 1041 quem
477 967 653 1025 consuetudo
668 967 788 1024 celebris
802 967 931 1037 inolevit,
945 972 977 1023 ut
989 967 1090 1025 beatos
1098 974 1240 1040 martyre
1250 968 1412 1042 tiemonem,

104 1060 267 1127 Victorem,
292 1058 421 1115 Gessium
439 1063 469 1114 et
485 1058 659 1114 Florentium
671 1071 835 1127 eorumque
858 1057 970 1126 socios,
999 1056 1075 1112 trino
1091 1045 1231 1128 murtpsio
1249 1064 1412 1134 coronatos,

103 1149 194 1204 ternis
212 1147 284 1205 loeis
300 1146 506 1212 veniabiliter
522 1145 742 1214 conditusuus,
753 1144 807 1213 die,
826 1145 855 1202 id
869 1149 914 1201 est
925 1149 1006 1204 sexto
1018 1144 1082 1202 idus
1095 1146 1237 1218 octobris,
1255 1144 1412 1204 festivitate

104 1250 234 1307 congrua
258 1239 423 1302 veneretur,
456 1249 519 1289 cum
544 1237 637 1289 ιιιιιι
664 1232 776 1287 dubium
800 1232 854 1302 sit,
877 1236 969 1288 utrum
993 1249 1050 1288 uno
1068 1233 1112 1288 die
1132 1250 1168 1288 au
1186 1234 1295 1289 duobus
1314 1245 1412 1288 eorum¹

105 1323 275 1395 martyrium
300 1321 500 1392 conpleretur,
534 1321 599 1391 quie
617 1320 744 1388 Uerona,
775 1335 897 1376 summus
916 1320 1064 1376 memorati
1086 1320 1217 1391 martyrii
1233 1320 1328 1389 loeus,
1354 1335 1412 1376 non

104 1408 196 1464 minus
215 1408 317 1480 viginti
335 1423 385 1463 sex
402 1407 514 1462 milibus
533 1407 569 1462 ab
588 1406 799 1478 elegentissime
817 1423 840 1461 s.
855 1407 981 1463 Victoris
998 1406 1120 1462 basilica
1138 1407 1245 1462 distans
1259 1407 1343 1461 aliter
1357 1408 1411 1462 hoc

104 1511 161 1550 unu
189 1495 234 1551 die
262 1495 316 1549 nisi
340 1510 393 1566 per
419 1491 551 1551 festiuum
577 1493 653 1549 nimii
679 1490 788 1548 furoris
813 1494 947 1567 impetum
970 1491 1034 1549 fieri
1053 1510 1151 1565 posse
1156 1495 1273 1550 maxime
1291 1498 1411 1566 propter

105 1589 204 1636 moras
222 1580 251 1635 in
269 1581 341 1636 loeis
360 1580 479 1653 singulis
498 1580 674 1636 necessarias
693 1577 808 1635 eredere
827 1585 915 1636 vetat.

193 1667 287 1740 llujus
305 1667 401 1738 itaque
419 1669 475 1725 diei
492 1666 596 1740 gaudie
614 1665 720 1723 iratres
739 1667 781 1722 ita
799 1667 973 1724 celebremur
991 1684 1102 1738 annua,
1112 1673 1144 1724 ut
1161 1639 1230 1725 dent
1247 1668 1329 1724 uobis
1347 1667 1412 1725 illo·

105 1765 168 1812 tum
185 1753 386 1812 intercessione
404 1755 543 1812 continue.
568 1759 622 1812 otu

193 1895 229 1950 lis
249 1885 317 1966 solut
335 1909 395 1951 nun
413 1897 461 1951 der
484 1881 685 1966 mopsustettete
702 1896 804 1950 &hluto
821 1895 870 1968 uter
886 1895 1002 1966 Predtqt,
1033 1898 1119 1950 werin
1137 1855 1344 1966 totietatem
1360 1909 1412 1965 ps·

107 1981 186 2038 troni
203 1982 296 2038 nostri
317 1988 435 2053 peccunt
454 1985 567 2038 werden.
606 1984 688 2038 lister
712 1985 754 2038 dte
772 1982 1045 2054 Clrtstenoerselpuou
1069 1983 1114 2040 deu
1131 1983 1275 2043 Diocletiane
1292 1985 1367 2042 teon
1383 1997 1412 2038 es
1440 2027 1442 2032 .

104 2076 134 2126 ιιι
151 2072 286 2126 deroeltco
303 2069 422 2143 Piedtpts
453 2075 513 2130 lieu
531 2071 693 2142 persecutio
711 2083 730 2130 ι
748 2071 860 2128 Nerone
878 2072 1001 2148 decime,
1019 2071 1122 2149 ceteris
1139 2071 1286 2126 immunior
1303 2074 1333 2126 et
1350 2069 1410 2124 diu·

105 2159 218 2213 turnior
243 2155 331 2228 fuisse
354 2158 532 2230 perhibetur,
559 2158 601 2214 ita
624 2164 655 2214 ut
674 2175 763 2233 osque
781 2159 817 2214 ed
836 2159 932 2215 decem
950 2155 1040 2214 dunos
1060 2159 1090 2213 iu
1114 2159 1226 2231 inceptu
1244 2156 1410 2212 erudelitate

105 2261 273 2316 permanens
297 2245 501 2304 extenderetur.
538 2261 620 2316 quam
640 2263 706 2302 mox
730 2246 881 2302 subsecuta
900 2252 944 2302 est
961 2247 1043 2302 ruina
1060 2248 1209 2303 vehemens
1228 2249 1257 2300 et
1273 2249 1412 2317 perpetua

107 2332 262 2402 destructio
289 2329 442 2402 idolorum,
475 2348 536 2388 eum
563 2348 615 2403 per
635 2337 731 2412 'totum
753 2329 856 2394 orbem
880 2349 937 2404 pax
962 2333 1090 2388 ecclesiis
1109 2334 1154 2388 dei
1172 2333 1298 2403 reddita,
1330 2333 1409 2403 ipsos

106 2418 207 2487 etiem,
239 2435 309 2488 quos
328 2418 429 2477 dudum
446 2417 574 2476 inimicos
594 2419 767 2491 asperrimos
784 2419 914 2490 pertulit,
937 2421 1013 2493 jugo
1031 2416 1097 2474 iidei
1115 2421 1263 2477 eutholieee
1281 2417 1412 2476 subdidit.

108 2537 141 2548 -
167 2506 256 2579 Cujus
278 2506 322 2561 rei
343 2507 435 2579 siquid
458 2513 525 2578 post
544 2507 617 2562 hane
636 2507 860 2564 Christianorum
876 2507 1103 2579 persecutionem
1119 2507 1306 2579 exemplatum
1323 2505 1411 2562 fuerit

106 2593 136 2648 in
155 2593 276 2664 antiquis
295 2595 478 2649 eeclesiarum
496 2591 630 2665 aedificiis,
649 2595 724 2665 apud
740 2609 794 2649 uos
812 2609 928 2650 cernere
947 2593 1033 2662 lieet

199 2729 376 2803 1ιιιιιιιιιιιι,
404 2733 451 2788 Ηι.
507 2731 626 2792 ²fehlt.
680 2735 773 2790 ³von
796 2750 884 2790 neuer
901 2733 981 2790 lland
999 2731 1157 2807 beigefigt
1211 2729 1426 2788 ⁴lllauritit‘

107 2823 125 2874 5
144 2819 192 2876 lls.
210 2819 309 2876 sentia.

253 3177 363 3251 1079.
401 3152 444 3247 lu
471 3201 498 3247 s.
525 3115 645 3250 Menti
670 3174 808 3248 obbatis
836 3173 882 3245 ad
907 3199 1081 3274 vesperus.
1114 3175 1273 3275 hymnus.

109 3433 326 3519 Splendorem
350 3434 428 3498 novi
451 3434 567 3498 sideris
729 3425 732 3434 ’
785 3430 847 3497 llio
868 3449 957 3496 nova
977 3432 1050 3498 luce
1073 3431 1184 3495 rutilat

108 3539 259 3606 Maurum
280 3542 315 3600 ut
336 3553 399 3608 vas
414 3535 550 3628 justitiae
786 3539 847 3604 sol)
868 3535 1036 3604 Benedicti
1058 3536 1188 3618 regula,

107 3644 193 3708 misit
215 3641 295 3706 deus
316 3661 359 3706 ex
381 3642 508 3725 superis
711 3709 714 3716 ,
764 3638 906 3714 ,Οιιιιιι
928 3641 1065 3707 virtutes
1088 3627 1207 3705 similat
1369 3641 1409 3707 15

107 3749 141 3812 in
164 3747 249 3812 hano
269 3746 389 3813 vellem
410 3745 558 3810 miseriae.
785 3751 821 3810 ut
842 3763 923 3810 vers
944 3746 1018 3811 eoeli
1040 3745 1194 3829 plantula.

109 3936 171 4015 Qui
192 3939 323 4004 calcans
345 3939 462 4006 fastum
485 3939 615 4022 generis
711 3937 730 4000 5
784 3933 822 4000 In
844 3933 908 4000 hac
929 3935 997 3999 vitu
1019 3935 1197 3999 monastiea
1256 3987 1257 3992 ,

1 4119 2 4132 ἶ
109 4047 286 4124 spretoque
308 4043 411 4124 petris
435 4041 525 4106 cuma
784 4039 866 4109 lloro
888 4039 985 4106 tieret
1006 4039 1185 4120 munditiae,

1 4203 2 4210 ,
108 4139 147 4205 fit
169 4141 279 4223 proles
301 4141 367 4204 divi
389 4142 556 4225 germinis,
786 4143 878 4227 eujus
900 4162 990 4210 meus
1017 4143 1053 4208 lit
1076 4142 1194 4208 deifica

1 4295 2 4310 ,
108 4242 260 4309 mundum
286 4250 412 4307 terrens
433 4244 583 4310 ethered.
618 4311 621 4318 ,
785 4255 900 4322 semoto
922 4249 1032 4313 virore
1056 4247 1181 4329 gretiae.
1367 4245 1409 4308 20

108 4431 191 4499 Oum
213 4433 280 4498 adit
302 4431 546 4516 monasterium,
785 4411 945 4520 Aequalis
967 4433 1061 4525 spina
1083 4435 1218 4517 stimuli,

1 4557 2 4562 ¹
107 4537 191 4618 vita,
216 4535 364 4602 doctriua
386 4533 566 4620 splenduit,
692 4539 730 4602 10
786 4557 850 4621 qua
872 4547 1003 4604 sanetus
1026 4539 1160 4636 Maurus
1182 4539 1357 4622 pungitur,

1 4641 2 4648 ’
108 4641 236 4704 terrens
257 4641 410 4704 virtutum
431 4638 531 4707 lilium
785 4642 872 4725 sugit
895 4648 937 4706 ex
960 4643 1050 4707 lente
1073 4643 1184 4724 rivuli,

1 4747 2 4750 ’
107 4748 184 4808 ectu
207 4750 357 4825 statuque
379 4741 496 4808 floruit.
787 4765 851 4829 quo
874 4747 981 4811 curuis
1005 4765 1095 4812 amur
1118 4745 1240 4811 teritur.
