3338 5324
286 522 288 526 ’
348 520 475 608 *hnc
491 519 650 584 instructa
668 516 872 584 documentis
886 492 1169 585 -hdei-eathctters
1191 562 1207 572 ·-
1223 553 1235 572 κ.
1347 551 1354 566 ⁴
1446 569 1452 576 .

238 622 242 633 ’
397 622 572 690 custodivit
593 619 665 686 vias
689 621 788 686 duras
810 621 893 704 legis
913 621 1146 705 evangelicae.-

394 812 467 894 Non
490 820 542 878 est
564 812 636 895 ejus
662 829 719 876 oor
742 811 861 877 elatum
884 812 982 876 titulis
1004 813 1174 894 natalium,

394 936 456 982 neo
478 917 603 981 attrivit
626 913 726 981 decor
748 915 861 984 forma
884 917 1042 982 castitatis
1064 917 1179 998 libum,

396 1021 517 1104 quippe
538 1019 629 1083 vultu
651 1018 817 1102 speciosa,
840 1037 979 1103 corpore
997 1019 1191 1102 juvencula,

394 1131 501 1189 mente
524 1123 663 1206 sprevit,
687 1129 761 1187 aotu
783 1122 866 1204 fugit
887 1125 1070 1206 nuptiarum
1091 1123 1230 1186 vincula.

396 1309 512 1374 Vultus
536 1309 607 1391 ejus
631 1315 664 1373 et
686 1309 831 1373 incessus
853 1311 1049 1376 nunciabant
1071 1311 1207 1390 deforis,

394 1415 466 1495 quis
491 1413 627 1484 affectus
650 1413 837 1496 possideret
860 1413 1006 1478 officinas
1028 1417 1188 1498 pectoris,
1274 1429 1277 1434 ·

395 1520 497 1583 sicin
521 1538 561 1583 ea
584 1527 777 1584 coruscante
799 1520 887 1583 bono
908 1518 1086 1602 pudicitiae,

394 1621 583 1686 arridebant
606 1623 636 1686 ei
659 1621 809 1710 simulet
830 1623 968 1686 virtutes
990 1623 1072 1686 aliae.

394 1810 446 1880 Ex
468 1818 603 1881 rubente
626 1832 702 1879 rosa
725 1815 819 1879 simul
842 1823 875 1879 et
897 1817 1055 1887 candente
1070 1802 1144 1882 'lilio

341 1965 345 1973 .
393 1920 488 2001 virgo
511 1917 611 1982 Fides
634 1923 791 1982 coronata
813 1917 893 1982 vivit
916 1939 958 1982 ex
980 1921 1150 2002 martyrio,
1211 1947 1216 1956 ¹

394 2025 478 2086 inter
502 2021 620 2087 choros
644 2020 837 2102 angelorum
859 2023 1022 2103 geminato
1045 2023 1178 2106 praemio

393 2125 489 2207 virgo
512 2123 611 2188 Fides
635 2130 696 2187 eto.
774 2138 778 2148 ²

360 2342 363 2347 “
393 2331 497 2414 Virgo
521 2333 622 2414 stirpe
646 2327 860 2416 supergressa
882 2334 1004 2415 primos
1022 2328 1243 2414 Agenensium
1315 2359 1318 2364 ·

393 2436 564 2499 sanctitate
587 2435 761 2500 cumulavit
780 2435 918 2518 gloriam
940 2425 1107 2516 natalium,

320 2535 321 2538 ’
392 2545 490 2622 pacta
512 2557 621 2603 secum
644 2535 806 2606 custodire
829 2539 961 2603 semitas
985 2537 1127 2604 fidelium

392 2642 565 2706 sanctitate
587 2643 701 2710 cumul.
725 2650 786 2707 etc.

393 2846 451 2910 His
476 2849 600 2912 enitens
624 2848 667 2911 ad
691 2869 875 2932 supremum
899 2851 1023 2921 culmen
1043 2850 1266 2920 ¹sanctimoniae

392 2949 615 3014 holocaustum
638 2950 715 3015 iecit
738 2950 801 3016 deo
823 2960 933 3017 votum
957 2953 1176 3035 continentiae,

391 3059 464 3116 rata
488 3053 624 3135 crimen,
647 3055 815 3118 attrectari
837 3053 949 3118 florem
970 3054 1149 3138 pudicitia,
1222 3077 1225 3083 ·

270 3210 271 3214 ,
392 3153 615 3219 holocaustum
637 3157 698 3220 seo.
723 3165 784 3221 eto.

282 3417 285 3424 r
391 3346 552 3426 Decianus
575 3362 796 3444 introgressus
820 3365 932 3428 urbem
953 3359 1175 3446 Agcnensium

392 3461 513 3528 Christi
535 3483 651 3544 servos
674 3473 707 3528 et
729 3466 863 3530 ancillas
887 3465 986 3530 trahit
1008 3466 1050 3531 ad
1073 3463 1277 3551 supplicium,
1337 3481 1340 3488 ⁴

332 3643 335 3648 Ι
391 3567 557 3633 immolare
581 3575 824 3636 contemnentes
848 3569 919 3651 ejus
940 3568 981 3633 ad
1003 3571 1187 3652 imperium,
1277 3583 1279 3589 '

391 3670 512 3768 Christi
535 3689 649 3738 servos
673 3681 756 3738 eto..

390 3877 509 3943 Peotus
532 3877 622 3944 Fidis
644 3880 757 3943 hortus
782 3879 902 3944 Christi
924 3889 1040 3946 vernat
1062 3900 1185 3947 morum
1207 3881 1356 3964 floribus,

392 3975 489 4048 etad
512 3983 622 4048 ilatum
641 3985 724 4050 lenis
747 3987 848 4051 austri
861 3985 940 4051 tluit
962 3988 1173 4069 aromatibus,

390 4089 457 4153 hoo
475 4089 508 4150 in
530 4089 615 4151 votis
638 4087 710 4172 ejus
733 4087 819 4171 erat,
843 4079 961 4155 hocin
984 4091 1167 4174 desiderio,

391 4197 426 4254 ut
448 4207 624 4274 perennem
647 4201 853 4286 compararet
871 4194 1013 4279 ‚gloriam
1036 4194 1209 4278 martyrio..

314 4481 319 4490 ·
392 4393 597 4488 Aestimabat
619 4400 706 4466 enim
727 4389 858 4466 Christo
880 4411 1008 4492 gratam
1026 4385 1144 4486 parum
1167 4403 1340 4486 virginem,
1364 4381 1385 4426 ¹*

390 4501 450 4563 nisi
474 4503 570 4584 virgo
591 4513 729 4590 propter
748 4505 910 4571 Christum
933 4507 1149 4591 funderetque
1171 4511 1370 4591 sangninem.

390 4605 479 4670 audit
502 4605 581 4674 deus
604 4609 643 4674 et?
660 4609 794 4681 exaudit.
813 4617 897 4702 'vota'
915 4619 1041 4684 sanotsc
1061 4611 1204 4694 femin&
1238 4681 1241 4686 ,
1362 4665 1363 4670 1

390 4708 718 4794 clarificaturuseam
740 4715 890 4806 proximu
909 4715 1095 4786 cadumim
1168 4799 1175 4808 ἡ
