3308 5310
506 705 509 712 Ι
554 711 638 819 652.
676 747 735 820 Do
761 775 787 821 s.
813 749 980 825 Jobanne
1007 753 1166 854 baptista.

217 963 317 1031 Salve
341 969 511 1035 Johannes
535 975 646 1059 bodie,
894 982 1091 1048 subtrahitur
1114 988 1296 1071 maestitia,

217 1088 311 1150 quem
333 1091 394 1134 rex
417 1078 570 1154 perennis
593 1079 707 1159 gloriae
894 1103 988 1165 quam
1010 1087 1157 1168 pluribus
1181 1091 1293 1155 laetitia
1475 1099 1517 1162 35

258 1192 329 1254 prae
353 1175 471 1238 ceteris
491 1180 653 1261 respexit,
936 1188 1101 1250 confertur
1124 1198 1155 1252 te
1179 1201 1340 1256 nascente.

214 1273 399 1357 Johannes,
423 1277 476 1342 dei
497 1285 620 1363 gratia,

213 1397 275 1462 per
297 1381 385 1445 orbis
408 1389 506 1447 terrae
530 1389 636 1468 spatia
819 1395 837 1453 5
892 1369 971 1436 Cum
995 1382 1049 1438 tua
1072 1377 1311 1445 circumciditur

256 1490 289 1546 te
312 1485 417 1568 major
440 1480 505 1551 non
528 1492 677 1554 surrexit,
891 1494 986 1556 caro,
1006 1497 1026 1539 a
1048 1485 1141 1560 patre
1163 1483 1331 1548 scribitur:

935 1579 1120 1662 „lohannes
1141 1583 1351 1652 nominatur“.

212 1671 295 1737 Nam
318 1675 467 1759 Gabriel,
491 1681 545 1761 qui
568 1680 687 1744 domini
889 1700 955 1746 vox
978 1686 1084 1750 statim
1107 1687 1154 1748 illi
1176 1689 1337 1772 redditur,
1469 1695 1513 1760 to

212 1786 404 1860 conceptum
427 1801 555 1847 sacrum
578 1785 696 1867 virgini
889 1804 952 1867 qua
978 1785 1058 1850 deus
1077 1790 1293 1875 benedicitur,

256 1879 422 1946 denuntiat
443 1885 575 1968 Mariae,
930 1889 1024 1970 plebs
1048 1893 1150 1956 omnis
1174 1894 1358 1961 admiratur.

211 1979 264 2050 hic
286 1985 397 2066 templi
418 1987 450 2048 in
477 1992 609 2053 oraculo
794 1995 833 2056 to

178 2113 181 2118 ·
210 2084 289 2149 foris
312 2096 438 2152 astante
462 2093 584 2174 populo
886 2079 934 2144 'l'u
956 2081 988 2144 ln
1013 2081 1150 2148 desertis
1173 2087 1298 2169 latitas,

252 2189 400 2270 promisit
421 2191 611 2276 zachariae,
884 2202 967 2265 puer
990 2203 1134 2250 seorsum
1161 2190 1287 2254 habitas

866 2343 876 2362 x
928 2287 1055 2352 virtutis
1079 2294 1120 2355 ob
1145 2303 1364 2379 augmentum,
1466 2301 1508 2361 45

207 2372 301 2439 Licet
324 2385 421 2442 aetate
448 2379 560 2461 debili,
883 2388 1018 2452 locusta>
1040 2392 1136 2455 mella
1159 2395 1303 2478 epulum,

207 2476 379 2542 Elizabeth
402 2502 444 2544 ex
467 2484 569 2546 sterili
883 2491 1004 2555 ssuenta
1026 2504 1143 2576 parant
1163 2501 1332 2582 poculum,

250 2586 283 2644 te
306 2581 377 2646 fore
399 2586 609 2668 nasciturum,
791 2594 829 2653 15
929 2596 1042 2658 cameli
1064 2603 1291 2680 tegumentum.

207 2701 338 2768 nomen,
362 2686 493 2750 vivendi
516 2691 668 2773 studium,

206 2787 305 2853 offiofi
327 2793 539 2875 praeeonium,
882 2780 1027 2846 Diversis
1051 2783 1216 2856 dissimilia

249 2899 281 2956 te
304 2907 455 2974 magnum-
476 2897 539 2961 fe„
562 2898 715 2982 futurum,
883 2885 994 2950 salutis
1009 2886 1098 2951 ¹dans
1122 2893 1256 2957 consilia
1464 2901 1505 2964 50

924 2989 1009 3051 viam
1033 2989 1161 3057 Christo
1185 2999 1327 3077 parabas
1334 3017 1350 3081 ,·

203 3080 405 3164 Replendum
426 3094 539 3151 sancto
564 3089 678 3170 spiritu
881 3092 1040 3172 baptisma
1063 3095 1142 3158 dans
1166 3101 1288 3164 notitiae

203 3183 309 3248 adhuc
331 3187 364 3248 in
386 3191 509 3252 ventris
533 3189 652 3253 ambitu
784 3195 825 3256 20
881 3189 1014 3275 Christi,
1038 3197 1098 3259 sed
1120 3201 1319 3280 poenitentiae

246 3289 314 3351 sine
339 3291 443 3372 culpae
468 3292 616 3372 sequela:
921 3297 1111 3379 baptismum
1134 3302 1347 3385 praedicabas,

201 3388 261 3451 sed
282 3388 461 3454 Zacharias
485 3393 638 3457 tremulus
645 3441 654 3476 ,

200 3495 310 3557 verbis
334 3494 405 3577 ejus
428 3497 632 3578 incredulus²
877 3488 957 3553 Cum
977 3491 1010 3553 iu
1033 3490 1187 3554 Jordanis
1212 3491 1340 3556 flumine
1456 3498 1497 3557 55

242 3595 390 3677 privatur
412 3617 487 3662 mox
508 3600 648 3681 loquela.
876 3591 955 3658 deus
979 3599 1072 3655 natus
1096 3613 1137 3656 ex
1160 3595 1288 3676 virgine

918 3700 992 3757 ate
1017 3695 1259 3778 baptizabatur,

197 3785 345 3852 Inclusus
367 3789 489 3851 ventris
512 3791 635 3871 gremio
778 3795 820 3858 25
874 3814 956 3860 voce
979 3805 1074 3879 pater
1095 3798 1257 3880 ingenitus

198 3897 233 3952 11
256 3888 424 3952 exultabas
448 3887 568 3969 'gaudio
873 3900 960 3962 etin
983 3902 1131 3965 columba
1154 3905 1285 3985 spiritus

241 3991 285 4055 ad
307 4010 421 4056 vocem
444 3993 611 4057 salutantis
915 4003 973 4067 tibi
996 4006 1212 4070 revelabatur.
1454 4013 1496 4076 60

196 4093 326 4176 Mariae,
347 4113 417 4159 cum
441 4097 593 4162 auriculae

195 4196 335 4260 insonuit
358 4199 495 4264 aniculae
869 4192 1001 4276 Agffllm
1025 4193 1077 4257 del
1100 4198 1252 4278 existere,

238 4297 407 4365 Elizabeth
430 4306 638 4386 praegnands,
774 4308 815 4370 30
869 4306 1005 4382 peecata
1028 4299 1136 4363 mundi
1160 4302 1276 4366 tollere

913 4402 1025 4467 Jesum
1048 4421 1119 4467 cum
1141 4405 1325 4490 indicabas,

194 4485 373 4554 Occurrere
397 4492 537 4575 tripudio
870 4505 900 4566 ei
922 4508 964 4569 ob
988 4506 1212 4571 excellentiam

193 4598 228 4656 tu
250 4593 352 4674 gestis
375 4594 428 4658 dei
451 4595 518 4661 tilio
869 4615 900 4670 te
924 4607 1053 4671 solvere
1078 4611 1250 4693 corrigiam
1448 4616 1488 4679 65

234 4696 267 4759 in
287 4696 573 4779 virginelatente3
911 4709 1074 4792 indignum
1093 4713 1274 4796 judicabas.
