3294 5322
235 337 300 404 m
354 333 357 340 .

234 521 330 578 rivam
349 523 410 578 deu.
446 521 539 578 lusani
566 537 637 578 vero
661 524 787 584 tortores
810 519 934 592 corpora
958 525 1120 580 amborum
1138 525 1285 579 ommes
1303 535 1355 593 per
1373 521 1463 592 campi
1482 522 1545 592 pla·

235 611 331 670 nitism
349 615 495 668 nexorum
513 615 542 666 et
559 611 588 665 in
606 614 721 681 puteum
738 609 884 664 maximum
901 608 1094 682 prqiecerunt

322 698 501 768 nescitaque
521 713 582 752 cum
600 700 769 768 agerentur,
800 695 929 751 eobors¹
953 695 1018 764 illa,
1051 711 1115 766 quoe
1132 696 1244 750 beatum
1262 696 1407 752 Victorem
1426 694 1547 750 comita·

235 787 320 842 batur
332 783 368 840 ad
379 784 472 840 locum
484 783 571 852 illum,
590 785 635 838 cui
649 783 789 838 destinata
802 774 873 849 erat',
892 798 1051 853 properans
1070 781 1150 837 venit
1162 782 1199 838 ad
1213 783 1347 854 oppidum
1360 781 1547 848 Francorum,

236 874 313 947 quod
325 876 508 948 exmajorum
523 887 637 930 auorum
652 872 780 944 (sedibus
791 872 829 941 ¹⁰)
843 871 960 944 'l'rojam
974 870 1035 926 sive
1049 870 1183 926 Sanctum
1194 873 1216 907 ¹¹
1231 870 1436 942 nuncupabant,
1449 869 1550 940 ibique

235 979 299 1020 cunr
317 963 387 1018 duce
405 977 458 1016 suo
477 965 572 1016 emtra
588 961 618 1016 iu
636 960 727 1032 pratis
744 957 902 1014 virentibus
920 957 1030 1028 posuit,
1055 971 1106 1013 nec
1124 958 1214 1013 minus
1232 957 1276 1013 illi
1294 957 1415 1014 audaces
1433 955 1550 1012 cruenti
1625 1017 1626 1038 ἒ

236 1051 340 1108 milites
364 1048 506 1106 affuerant
529 1054 559 1104 et
581 1053 729 1120 perempto
752 1046 813 1101 illic
837 1043 993 1102 fortissimo
1012 1043 1118 1102 christi
1135 1046 1253 1102 Victore
1270 1046 1404 1102 macentia
1423 1043 1550 1115 triginta
1625 1047 1626 1050 ’

237 1154 299 1195 cum
326 1153 362 1194 so
385 1136 558 1208 martyribus
583 1141 682 1192 sancta
706 1151 829 1206 corpora
846 1135 875 1188 in
894 1132 966 1189 locis
984 1133 1158 1204 palustribus
1177 1133 1394 1190 submerserant
1429 1131 1549 1188 tandem

236 1224 343 1297 optatis
362 1223 443 1279 ditati
461 1223 562 1295 spoliis
583 1238 644 1278 cum
663 1223 773 1294 reliquo
792 1221 931 1291 exercitu,
952 1237 1033 1291 quum
1053 1221 1204 1277 carausius
1223 1221 1273 1276 ille
1292 1218 1405 1293 fugiens
1427 1235 1493 1274 sese
1512 1218 1548 1270 in

236 1310 409 1368 Britanniam
427 1310 585 1380 transtulit,
603 1325 658 1390 per
673 1309 762 1378 mam,
782 1325 837 1380 qua
854 1312 1005 1378 venerant,
1024 1307 1084 1363 laeti
1102 1309 1228 1380 regressi
1246 1314 1311 1364 sunt
1327 1310 1357 1364 in
1374 1306 1508 1378 patriam

325 1429 404 1485 ¹die
422 1431 469 1487 lla.
495 1433 546 1486 bat
562 1429 720 1485 excersivit
757 1428 833 1485 ²lls.
852 1430 973 1486 exilium.
1011 1429 1194 1499 ¹idolorum,
1219 1431 1266 1484 lls.
1302 1429 1439 1483 thesser
1457 1427 1548 1497 quod,

236 1519 296 1576 scil
319 1518 432 1574 idolum.
483 1516 567 1573 ⁵i'br
588 1518 750 1590 agaunum,
777 1517 802 1572 S.
827 1519 945 1574 Maurice
970 1520 999 1572 in
1023 1517 1139 1574 Wallis.
1195 1517 1325 1587 “Bonu,
1356 1515 1483 1570 welches
1508 1515 1551 1569 im

237 1609 272 1660 12
284 1606 383 1662 Jahrb.
396 1605 511 1660 Verona
525 1604 608 1660 biens.
646 1601 743 1659 'fehlt
756 1605 785 1658 in
799 1603 849 1659 ‹ler
863 1603 910 1660 lle.
946 1604 1243 1675 ¹irripervenientibno,
1257 1605 1303 1660 lle.
1341 1602 1418 1659 ¹¹lls.
1432 1605 1549 1658 eburna

238 1694 264 1734 ¹⁰
280 1690 360 1749 fehlt
398 1694 424 1732 ¹¹
441 1693 560 1748 Xanten.
794 1683 799 1690 “

325 1815 403 1870 Dicae
420 1814 540 1885 Lepeode
557 1816 682 1870 01111ιό1
699 1831 735 1869 en
754 1817 795 1869 dte
812 1815 983 1886 taprobanen
1006 1816 1107 1872 Nemeo
1130 1817 1233 1871 Verona
1255 1817 1311 1871 und
1328 1817 1417 1886 Trejo,
1450 1829 1550 1870 wevera

238 1904 324 1958 dieser
347 1895 552 1973 scripseram
576 1904 623 1958 des
647 1903 664 1956 0
686 1901 776 1956 ratri.
801 1903 975 1973 renarrem,
1006 1895 1065 1959 'ond
1088 1905 1298 1959 weterebeinlict
1322 1905 1373 1958 deo
1393 1903 1549 1976 pollicebere

236 1989 329 2046 roes
346 1991 420 2060 butte,
438 1992 479 2044 die
496 1989 620 2044 Freoles
638 1991 678 2045 als
694 1989 842 2060 ebeobsrtr'p
860 1991 911 2044 den
928 1991 1042 2045 Itomerrr
1058 1991 1269 2062 pleielzoslelteo.
1305 1991 1330 2046 S.
1348 1989 1395 2046 No.
1415 1991 1483 2060 050,
1503 1993 1549 2044 37.

237 2078 295 2134 Der
314 2078 435 2132 recreer
452 2077 581 2132 Surius
600 2078 631 2130 de
646 2077 722 2148 prob.
741 2091 773 2132 as.
792 2081 855 2149 siba,
874 2077 959 2133 Octob.
976 2095 1004 2148 p.
1023 2079 1074 2132 150
1090 2078 1133 2148 [lp.
1153 2083 1185 2134 ist
1202 2082 1338 2150 emerere,
1356 2079 1405 2132 der
1420 2077 1548 2147 solpcndc

237 2167 342 2236 rozoy
359 2168 452 2219 alboni
469 2165 533 2218 aber
549 2166 740 2234 prosatertler‘ls
757 2167 803 2218 mit
818 2165 911 2220 Suriae
928 2165 1050 2236 silerem²
1083 2167 1131 2220 der
1143 2167 1239 2233 jedoeb
1257 2167 1326 2224 tibae
1343 2165 1386 2220 lla.
1410 2167 1481 2220 siclt
1498 2166 1548 2219 bc-

237 2256 338 2324 ssrtztc,
369 2256 442 2308 west
457 2253 524 2306 luae
542 2267 574 2306 er
591 2254 645 2306 wel
659 2252 726 2306 ascl
744 2253 795 2306 den
812 2252 914 2308 &thess
931 2253 1067 2308 dereelberr
1083 2254 1208 2324 qepeberr,
1241 2257 1290 2308 wie
1308 2269 1339 2308 er
1357 2253 1457 2308 endere
1473 2253 1548 2308 Pre-

237 2342 324 2411 dr'pten
350 2337 404 2409 sos
422 2341 463 2395 die
480 2339 597 2411 Heilipcrr
620 2337 737 2410 beifrtple.
773 2342 870 2394 Ansser
887 2341 936 2394 der
952 2340 1049 2418 lapion
1067 2342 1113 2395 dec
1129 2343 1153 2396 r.
1170 2342 1310 2396 Mauritius
1328 2345 1406 2412 ‘aeipl
1422 2343 1464 2396 sse
1480 2340 1551 2394 lobi

237 2430 287 2483 der
304 2429 407 2484 andern
424 2429 571 2499 Marmar,
589 2429 630 2482 dte
648 2432 676 2482 ire
694 2429 743 2482 der
760 2428 879 2499 seperire
896 2429 1044 2500 anpepebeo
1061 2431 1140 2500 wire,
1158 2429 1212 2498 ons
1224 2430 1302 2500 1005,
1323 2445 1350 2486 ea
1367 2430 1464 2486 calciat
1481 2433 1549 2488 aber

238 2515 278 2570 ber·
302 2515 405 2570 wotos
429 2517 487 2570 und
510 2515 657 2572 Florentius
682 2520 711 2570 irs
733 2516 782 2570 der
799 2516 866 2571 Zabi
891 2516 1044 2572 einFelrler
1066 2519 1216 2588 uellerea,
1247 2519 1307 2572 weil
1329 2521 1374 2572 orit
1396 2519 1474 2573 been
1493 2536 1549 2576 our

239 2605 255 2658 1
273 2601 404 2660 Genoasee
427 2603 592 2674 empetroelt
612 2604 734 2674 werdere,
767 2603 847 2660 roobei
871 2595 1005 2660 vielleiclt'
1015 2605 1056 2660 die
1079 2603 1215 2659 Zobl100
1232 2603 1394 2676 euapeselien
1412 2609 1450 2660 ist.
1489 2607 1548 2662 Ab·

236 2692 347 2760 praeben
366 2691 452 2746 dovere
468 2691 521 2760 qibt
538 2692 579 2744 die
595 2690 713 2761 Lepende
731 2693 777 2744 mit
794 2691 846 2745 den
863 2688 1017 2760 Ansribrern
1035 2691 1103 2746 1010
1115 2692 1250 2762 Me'rlyrer
1268 2705 1310 2747 ara
1461 2751 1494 2812 ς

237 2867 276 2934 11.
306 2867 445 2952 Auszug
467 2888 526 2932 ans
549 2867 640 2934 einer
663 2866 852 2950 Sammlnng
875 2886 941 2932 von
963 2865 1213 2952 Heiligenleben
1235 2869 1268 2970 in
1290 2867 1351 2934 der
1371 2867 1548 2938 Brisseler

302 2973 358 3039 Hs.
381 2973 442 3038 No.
465 2975 509 3038 87
536 2972 638 3054 (oder
654 2971 738 3058 206]
761 2974 794 3037 in
817 2993 866 3055 gr.
889 2973 944 3039 iol.
973 2970 1022 3038 Bl.
1046 2974 1089 3038 30
1119 2992 1178 3038 aus
1201 2972 1274 3037 dem
1299 2977 1340 3039 12
1363 2973 1478 3040 Jahrb.

154 3181 157 3188 ,
254 3150 257 3156 ·
322 3124 391 3180 Cum
414 3139 487 3194 ergo
511 3123 539 3178 in
558 3122 657 3179 Galliis
682 3123 858 3194 perniciosus
880 3125 1015 3182 tumultus
1039 3130 1140 3181 contra
1157 3126 1311 3182 Romanum
1335 3125 1480 3196 imperium
1500 3143 1547 3182 ex-

237 3209 382 3281 crevisset,
400 3211 580 3266 Maximianus
599 3213 673 3282 apud
688 3211 797 3267 ltaliam
816 3211 938 3268 collecto
958 3214 1083 3269 exercitu
1097 3213 1238 3269 Thebaeos
1255 3213 1358 3268 milites
1372 3215 1546 3284 biaut-icium,

238 3297 402 3367 tiemonem,
420 3299 565 3356 Victorem
585 3299 713 3370 aliosque
732 3300 856 3372 ejusdem
882 3297 988 3357 ordinis
1006 3302 1087 3360 viros
1101 3302 1165 3374 jam
1183 3301 1367 3358 sacramentis
1384 3317 1461 3360 verae
1479 3299 1548 3357 fidei

237 3375 267 3442 et
291 3385 425 3441 salutaris
453 3386 630 3458 baptismatis
653 3393 705 3458 per
723 3387 1003 3458 iherosolimitanum
1027 3389 1181 3446 antistitem
1203 3389 1333 3446 iniciatos
1358 3389 1387 3444 in
1411 3390 1546 3449 auxilium

237 3473 395 3530 accersivit.
951 3471 955 3478 '

324 3595 362 3649 m
382 3595 473 3665 form
498 3595 608 3664 seram
625 3594 768 3648 elmere
791 3594 1009 3665 neruosaqen,
1041 3597 1102 3650 eeu
1123 3596 1164 3649 ae
1181 3595 1299 3666 moeso
1316 3599 1344 3650 a
1362 3599 1420 3650 erse
1441 3575 1547 3667 ensis

135 3706 138 3711 ·
236 3681 437 3752 &aesomnes
455 3686 499 3751 tr,
517 3684 589 3737 dora
604 3681 679 3750 sobri
696 3681 737 3736 dle
754 3681 890 3764 lteram
907 3685 968 3737 oleo*
978 3681 1050 3751 sort:
1237 3748 1241 3754 ¹

325 3784 429 3841 Deinde
453 3786 635 3864 Maximianus
660 3790 796 3858 augustus
821 3786 979 3842 coadunato
1004 3781 1144 3856 exercitu,
1175 3787 1315 3858 permixto
1340 3792 1398 3841 tam
1414 3783 1545 3844 fidelium

237 3889 320 3945 quam
336 3867 488 3938 infidelium
502 3879 584 3942 coetu,
602 3870 722 3928 festinus
735 3873 846 3944 Alpium
857 3875 931 3947 juga
945 3874 1164 3946 transgrediens,
1183 3873 1283 3930 Galliae
1297 3867 1546 3944 appropinquabat

238 3961 366 4032 soloque'
377 3962 500 4017 adventu
520 3961 717 4017 suo.Amando
736 3967 766 4018 et
783 3961 902 4017 lleliano
930 3960 1046 4016 ducibus
1064 3961 1198 4035 tumultus
1217 3960 1364 4017 memorati
1381 3961 1543 4032 perterritis

237 4048 384 4104 sedifionis
411 4038 489 4103 illius¹
515 4051 709 4118 tempestatem
736 4047 919 4118 pertinaciter
946 4047 1096 4103 excitatam
1127 4046 1213 4102 facile
1246 4049 1307 4102 sine
1335 4048 1378 4104 sui
1403 4049 1543 4104 exercitus

238 4135 339 4192 damno
357 4135 482 4191 sedabat
1148 4203 1152 4212 Ι

325 4223 471 4294 (teuperto
494 4236 566 4276 vero
590 4221 664 4292 quod
691 4222 862 4279 Ganrausins
890 4223 1000 4293 quidam
1028 4220 1132 4278 nobilis
1155 4223 1273 4279 insidias
1300 4229 1401 4280 contra
1424 4223 1544 4278 Romani

238 4311 321 4383 regni
338 4307 409 4364 fines
428 4309 583 4377 moliretur,
601 4308 650 4378 qui
667 4314 760 4364 tamen
778 4315 951 4380 procurator
970 4311 1139 4367 constitutus
1158 4317 1223 4367 erat
1240 4309 1404 4383 provinciae,
1424 4315 1544 4381 quaeest

155 4395 159 4399 ’
235 4399 320 4472 juxta
338 4413 487 4464 oceanum,
520 4395 568 4449 ubi
586 4395 686 4450 Franci
701 4399 763 4470 jam
782 4398 905 4452 secando
925 4397 1075 4452 arealibus
1095 4398 1153 4452 suis
1173 4397 1283 4469 expulsi
1296 4400 1380 4471 juxta
1398 4395 1543 4454 Gallorum

238 4489 268 4542 et
286 4485 428 4542 Saxonum
446 4479 567 4538 confinia
585 4483 785 4552 consederunt,
817 4484 893 4539 misit
916 4483 985 4538 illuc
1007 4501 1060 4555 per
1078 4483 1285 4561 Beni-fluminis
1304 4485 1415 4558 alveum
1433 4489 1543 4556 partem

239 4571 283 4627 sui
301 4569 450 4638 exercitus,
469 4573 551 4645 cujus
569 4573 684 4627 militari
702 4573 806 4628 virtute
824 4569 949 4627 nefarius
969 4577 1130 4628 cassaretur
1150 4575 1285 4644 inceptus.
1321 4574 1350 4628 in
1369 4589 1424 4644 quo
1442 4571 1543 4629 itinere
1601 4643 1602 4648 η

239 4657 399 4730 praecipuos
417 4658 487 4713 belli
506 4659 636 4716 dominici
654 4658 925 4730 duces'lierconem,
944 4659 1101 4736 Victorem,
1121 4657 1247 4718 Cassium
1265 4665 1295 4718 et
1310 4661 1485 4722 Florentium
1503 4657 1544 4716 ie·
1600 4663 1603 4670 '

242 4747 319 4801 lices
331 4749 430 4804 turma
449 4749 671 4807 Christianorum
688 4749 806 4806 militum
824 4748 1018 4820 sequebantur.
1325 4761 1328 4770 ’
1394 4767 1396 4774 ’
