3338 5324
1379 345 1449 410 313-

166 573 168 580 ·
205 549 388 618 Luoernam
409 564 505 612 mauu
527 541 694 610 ardentem
752 533 754 537 ’
881 536 975 602 Nono
998 535 1116 602 candet
1137 535 1221 599 inter
1244 536 1311 600 lilia

208 655 360 722 invenisti
382 658 552 718 tenentem.
808 705 813 712 ,
871 651 1002 716 'ornans
1024 638 1230 704 sacerdotum
1248 637 1390 722 agmine,
1455 662 1460 671 ·

852 742 853 745 ’
882 745 967 810 inter
989 743 1117 808 numina
1139 740 1290 823 angelica

139 851 170 914 8.
200 846 275 913 dam
299 853 353 911 tua
375 842 496 927 gaudia
519 839 665 918 intravit,
793 865 795 870 ·
880 845 1000 931 jubilat
1020 844 1162 928 alleluja,
1400 843 1442 905 40

208 970 315 1036 ,euge
337 943 453 1033 telix“,
476 944 574 1012 hodie
597 941 729 1022 audivit,

206 1072 278 1118 oum
296 1051 466 1135 pecuniam
481 1067 552 1113 eum
566 1046 657 1113 luero
714 1043 765 1104 ‹35
820 1045 850 1106 9.
883 1041 976 1106 Hune
998 1038 1090 1104 nobis
1105 1037 1191 1100 sisto
1214 1034 1390 1114 fautorem,

210 1157 283 1238 tibi,
306 1176 381 1235 rex,
404 1152 552 1220 restituit.
881 1151 918 1212 ¹te
940 1143 1078 1226 petimus
1101 1140 1276 1205 auotoren'r.
1370 1223 1372 1226 Ι

228 1329 259 1385 In
280 1329 428 1384 derselben
445 1329 493 1383 Hs.
512 1326 555 1382 Bl.
573 1329 597 1381 7.
617 1341 667 1380 aus
686 1325 816 1398 gleioher
834 1325 904 1393 Zeit,
923 1323 972 1378 mit
990 1323 1043 1375 den
1063 1318 1250 1374 Musiknoten.

455 1684 540 1758 939.
577 1684 635 1758 De
660 1710 687 1754 s.
714 1677 938 1756 Gebehardo.
963 1676 1133 1774 hymnus.

142 1925 242 1992 Plebs
264 1947 376 2011 rumpe
400 1928 508 1993 cordis
530 1928 639 1992 nubila
824 1920 877 2002 qui
901 1923 998 2000 eaput
1020 1911 1195 1978 beatissimi

144 2040 177 2096 et
199 2049 283 2096 voce
306 2032 396 2098 olera
413 2031 519 2114 jubila
756 2049 757 2052 ¹
822 2021 984 2108 pontificis
1008 2017 1158 2099 Gregorii

143 2144 178 2200 et
200 2137 271 2201 oole
289 2137 360 2220 jam
383 2137 522 2223 insignia
823 2127 952 2210 agiliter
975 2121 1136 2186 deduxisti

144 2238 333 2304 Gebehardi
354 2241 536 2320 sollemnia,
823 2231 1038 2312 scindensque
1061 2227 1191 2294 flumine
1213 2221 1302 2288 Padi.

144 2363 240 2428 quern
263 2343 343 2408 dens
366 2347 407 2408 ab
434 2343 568 2408 infantie
751 2341 770 2402 5

144 2465 204 2513 sua
225 2446 370 2532 perfudit
392 2447 514 2538 gratia,
822 2422 966 2504 Praesul,
991 2435 1131 2484 summus
1154 2415 1252 2498 opilio
1406 2410 1447 2472 25

145 2549 187 2614 de
211 2569 274 2632 qua
295 2549 391 2632 plura
412 2547 556 2612 remedia
824 2525 865 2589 de
889 2523 994 2589 ⁰³f¹¹l⁵
1016 2522 1085 2606 jam
1109 2517 1286 2602 “gastum
1398 2596 1401 2601 .

146 2651 273 2718 confert
296 2651 361 2715 suis
383 2652 417 2714 in
438 2651 554 2734 mania.
824 2641 857 2694 te
881 2627 991 2693 eduxit
1014 2645 1086 2690 oum
1104 2623 1227 2708 jubilo,

825 2742 857 2798 te
880 2732 1049 2796 laudamus
1072 2749 1143 2794 eum
1166 2725 1310 2806 oantieo,

146 2841 207 2908 Cui
229 2843 385 2908 fabrioam
409 2839 608 2910 Constantine
824 2847 859 2902 ut
881 2856 1061 2902 mereamur
1084 2853 1156 2898 eum
1177 2831 1268 2912 ipso,
1292 2882 1294 2886 ,

144 2943 306 3011 revelavit
326 2941 460 3008 mirifioe
732 2944 773 3007 lo
826 2939 917 3023 nujus
940 2957 1077 3020 reguum
1099 2932 1258 3018 principio
1391 2928 1448 3006 Δ30

146 3060 181 3117 et
201 3053 234 3116 in
258 3051 414 3115 columbae
438 3049 548 3131 speeie
826 3051 916 3107 earet
939 3043 1024 3106 omni
1046 3040 1162 3118 exilio,

148 3157 299 3239 dignatus
324 3161 373 3217 est
396 3153 569 3217 ostendere
825 3164 966 3227 regnare
990 3144 1059 3208 sine
1081 3141 1227 3207 termino.

149 3261 256 3326 locum
280 3259 351 3342 ejus
374 3257 566 3340 sepulturae,

147 3363 203 3428 ubi
226 3361 329 3443 fulget
353 3359 542 3438 durissime,
672 3429 675 3432 -
826 3335 977 3416 Athleta,
1001 3335 1042 3397 ab
1063 3330 1166 3394 hostis
1189 3345 1298 3395 morsu

148 3466 239 3537 velut
261 3465 370 3546 fulgor
393 3463 588 3545 galardae,
735 3461 773 3522 15
827 3438 1048 3503 defende'nos
1072 3441 1105 3497 et
1127 3453 1146 3496 a
1168 3432 1278 3513 lapsu,

148 3569 182 3633 iu
206 3569 279 3634 looo
302 3567 374 3650 ejus
397 3565 561 3632 fabrieae,'
827 3566 868 3609 ne
891 3562 950 3607 nos
972 3558 1033 3625 pro
1057 3544 1168 3602 nostro
1192 3541 1285 3598 reatu
1409 3531 1451 3593 35

303 3747 306 3752 Ι
827 3649 968 3714 deduoat
990 3663 1100 3710 seeum
1123 3661 1193 3708 cum
1214 3640 1318 3718 luctu,

149 3758 214 3842 Tu,
238 3779 333 3824 servo
356 3759 446 3840 regis
468 3757 601 3842 superni
827 3751 886 3816 sed
909 3750 996 3814 tuin
1019 3747 1129 3810 mortis
1152 3742 1320 3826 proeiuotu
1432 3791 1434 3798 r

149 3871 183 3928 et
206 3861 362 3948 splendor
385 3861 468 3925 aulae
492 3859 635 3944 Olympi,
828 3851 967 3919 defende
991 3853 1031 3915 ab
1055 3847 1161 3911 hostis
1179 3852 1266 3908 metu

148 3985 190 4030 ne
214 3967 455 4049 demergamur,
479 3966 630 4045 subveni,
828 3967 861 4043 et
882 3976 942 4022 nos
966 3963 1070 4020 teoum
1091 3953 1169 4016 laeto
1192 3947 1282 4011 vultu

149 4090 172 4136 a
193 4072 341 4155 proeella
364 4070 460 4154 hujus
481 4070 611 4150 mundi3
734 4070 775 4134 20
829 4063 934 4128 deduo
955 4063 987 4126 iu
1009 4060 1119 4146 polum
1143 4075 1213 4122 oum
1235 4053 1360 4138 plausu.
1409 4047 1452 4110 lo

147 4259 151 4269 '
239 4273 488 4328 Sarmannswemr
512 4272 560 4326 us.
586 4287 620 4325 zu
643 4271 816 4342 Heidelberg
842 4269 937 4338 e‚1x.
966 4281 1016 4320 aus
1039 4255 1274 4341 semissano.
1311 4252 1367 4306 nas
1386 4247 1453 4302 meu

150 4359 462 4506 ἓῗὲῗεέυΝὲοἳθέϋηΐ
485 4359 611 4420 Vocalen
637 4358 686 4416 des
713 4357 885 4430 Alphabets,
918 4353 986 4427 jede
1014 4350 1139 4423 Strophe
1167 4347 1196 4399 in
1224 4343 1312 4398 einem
1340 4336 1452 4393 anderu.

238 4570 329 4640 boui,
345 4571 393 4626 ils.
436 4569 705 4638 1oreeusavit,}1s.
749 4571 783 4623 Π
802 4572 832 4625 tu
849 4582 910 4638 reg.
928 4565 1015 4636 regis,
1034 4563 1081 4617 lis.
1129 4559 1162 4613 31
1184 4557 1282 4612 besser
1300 4546 1386 4604 exitio
1405 4541 1453 4600 fiir

149 4657 233 4728 eniti,
252 4657 337 4716 Ende.
372 4657 662 4728 supramodum.
1320 4669 1322 4672 -

609 4885 628 4926 Ι
