3294 5322
234 345 302 410 m

235 523 539 596 ssdwntyrsnuidis
563 539 643 580 asro
668 523 802 595 dspuuit
825 527 856 580 st
880 523 944 580 sice
970 521 1234 580 navenatis
1255 519 1544 580 ammomum

235 612 338 680 latur,
363 609 480 668 nunes
504 615 538 666 et
551 609 653 666 tlalliis
675 615 836 682 augustum·
849 626 913 666 esss
940 609 1092 670 matula
1128 609 1243 668 Galeris
1260 623 1331 666 vcro
1349 611 1453 664 cetere
1470 623 1544 678 pro-

236 698 338 756 uincia
372 696 513 768 delegatas
546 702 619 754 sunt.
673 697 731 754 Sed
753 697 934 754 mesmes·
959 695 1060 754 Galliis
1087 695 1284 767 llispsniisqus
1314 698 1462 752 canuam
1488 693 1548 748 bas

235 799 340 857 mgna
364 783 575 840 mamnstudiss
605 783 784 856 gubernabat
810 789 839 840 et
865 783 1000 840 swles'ms
1025 783 1072 840 dei
1097 773 1184 840 nullis
1207 781 1345 840 sumtis
1375 777 1545 838 infestabat.

235 887 354 943 sumque
370 871 462 928 adbuc
478 871 647 928 lluimisre
664 871 777 928 vivente
800 871 831 928 in
854 871 1014 928 Brittannia
1040 871 1115 927 disus
1139 871 1255 939 obiret,
1272 869 1461 928 camenam
1476 864 1549 925 filio

235 975 289 1016 suo
315 958 477 1030 provincias
504 959 616 1016 easdem
638 959 779 1032 regendas
803 958 961 1030 dereliquit·
995 959 1044 1030 qui
1062 956 1240 1016 confortatus
1257 958 1287 1012 iu
1303 956 1439 1027 lapario,
1473 955 1544 1013 dum

234 1047 325 1120 regui·
335 1046 444 1104 romani
455 1045 651 1107 ‚monarchiam
668 1063 720 1118 per
738 1046 815 1102 bella
834 1046 954 1102 marim
971 1045 1154 1118 optinuisset,
1179 1045 1291 1117 legibus
1308 1043 1477 1102 stratone
1494 1060 1549 1100 rs·

234 1134 352 1207 ligionis
378 1150 430 1206 per
456 1136 569 1192 testum
586 1135 756 1192 silvestrum
781 1151 885 1208 papam
907 1135 1034 1192 initiatus
1052 1133 1222 1193 beatissima
1240 1133 1355 1190 llelssse
1372 1129 1457 1188 matri
1477 1145 1542 1187 sure

236 1221 395 1278 honorandi
415 1227 444 1277 et
462 1221 630 1276 sublimandi
646 1228 808 1278 sanctorum
825 1228 980 1296 martyrum
998 1224 1160 1296 sepulturas
1174 1222 1223 1295 jus
1247 1225 1276 1275 et
1291 1222 1463 1289 potestatem
1477 1216 1549 1286 ipse

235 1325 288 1380 per
306 1323 414 1364 omnem
431 1324 511 1380 paene
530 1313 635 1364 terram
650 1309 749 1364 eodem
766 1307 860 1366 studio
879 1314 1032 1382 occupatus
1050 1307 1229 1366 contradidit.
1263 1306 1353 1380 Orqius
1371 1304 1425 1360 deo
1441 1303 1542 1376 dignae

236 1400 372 1451 matrona
394 1396 424 1450 in
447 1396 524 1450 beati
542 1395 676 1452 Gereonis
699 1397 872 1451 monasterio
890 1397 981 1452 adhuc
999 1398 1120 1468 plurimo
1138 1398 1322 1450 reservantur
1340 1393 1477 1464 insignia,
1512 1397 1549 1446 et

182 1501 192 1520 ··
236 1481 328 1554 qualis
351 1481 415 1553 ipss
438 1480 538 1551 fuerit,
570 1487 710 1540 arantur
734 1481 836 1540 ibidem
858 1483 934 1555 opud
957 1484 1021 1557 ejus
1042 1483 1208 1540 memoriam
1225 1480 1328 1538 crebro
1348 1479 1471 1550 repetita
1490 1479 1546 1532 mi·
1586 1491 1590 1497 ·

235 1568 342 1625 recula.

323 1654 403 1710 Fecit
418 1665 494 1708 'sone
520 1653 594 1710 iuter
618 1655 741 1726 plurima
759 1657 927 1727 spectabilia
944 1674 1003 1714 suae
1021 1657 1182 1714 devotionis
1200 1670 1290 1729 opera
1307 1670 1393 1733 super
1411 1655 1545 1728 ejusdem

237 1735 330 1802 sancti
345 1741 480 1814 martyris
499 1741 693 1813 sociorumque
712 1745 776 1814 ejus
796 1733 937 1815 corpora,
955 1745 1003 1801 ubi
1020 1747 1105 1804 etism
1119 1760 1205 1816 supra
1221 1739 1369 1798 memorati
1386 1757 1408 1796 s.
1424 1741 1548 1796 llauri*

236 1825 377 1900 martyres
396 1829 433 1885 ad
450 1829 594 1901 singulare
612 1831 786 1886 moerentium
803 1835 833 1888 ct
845 1828 1043 1888 infirmantium
1056 1829 1236 1904 refrigerium
1251 1831 1380 1900 pausant,
1398 1827 1543 1900 insignem

235 1917 393 1987 neminique
411 1931 529 1986 prorsus
549 1916 597 1970 vel
616 1918 777 1972 sententia⁵
794 1919 932 1974 sermonis
950 1918 1161 1990 explicabilem,
1185 1917 1234 1971 vel
1250 1920 1314 1972 arte
1333 1915 1429 1985 operis
1446 1915 1542 1969 imita-

236 2003 323 2058 bilem
341 2009 491 2059 structure
509 1999 635 2058 mirifica
653 2009 682 2059 et
700 2005 827 2060 sublimis
846 2005 1003 2074 ecclesiam,
1021 2022 1103 2077 quam
1121 2007 1163 2060 ita
1180 2003 1358 2068 memllorum
1375 1991 1493 2074 fulg'ore
1512 2007 1545 2057 et

237 2088 351 2148 artificii
368 2090 508 2147 varietate
527 2085 704 2162 decoravit,¹
722 2095 808 2148 muris
827 2095 912 2151 etiam
929 2093 1032 2150 validis
1051 2100 1080 2151 et
1098 2093 1217 2149 excelsis
1235 2088 1373 2160 firmavit,
1404 2095 1436 2144 ut
1453 2089 1543 2143 nichil

237 2194 325 2250 supra
345 2195 398 2250 per
425 2195 521 2235 omues
549 2179 615 2234 illas
644 2180 778 2252 regiones
804 2182 853 2236 vel
880 2180 967 2238 fuisse
995 2182 1043 2238 vel
1060 2171 1184 2238 fut'urmn
1203 2194 1266 2234 esse
1284 2177 1391 2234 celebri
1408 2191 1544 2231 sermone

236 2265 355 2323 feratur.
391 2270 498 2338 prater
521 2267 597 2338 quod
621 2266 745 2340 ligneam
768 2267 906 2339 aliquam,
937 2270 985 2324 vel
1003 2284 1065 2342 quse
1084 2267 1170 2325 facile
1188 2266 1269 2322 senio
1291 2266 1338 2320 vel
1356 2263 1541 2337 negligentia

237 2353 336 2423 cedat,
367 2353 515 2410 materiam
537 2354 669 2410 babuisse
696 2360 832 2427 negatur,
859 2373 921 2412 cum
939 2371 1105 2414 marmores
1123 2353 1276 2412 soliditatis
1299 2352 1341 2408 ibi
1357 2356 1439 2408 tanta
1456 2350 1544 2422 copia

236 2439 337 2511 fuerit,
369 2445 401 2497 ut
424 2458 495 2513 spus
520 2445 609 2497 totum
633 2441 843 2514 columpnarum
867 2443 944 2500 iliius
968 2444 1082 2516 generis
1100 2440 1267 2500 firmitudine
1286 2445 1316 2496 et
1332 2438 1544 2510 pulchritudine

236 2529 393 2586 fulciretur.
426 2528 505 2583 aurei
527 2543 598 2584 vero
622 2525 745 2602 fulgoris
770 2535 877 2586 tantum
894 2531 924 2586 in
941 2548 976 2588 ea
994 2531 1119 2600 emicuit,
1147 2535 1179 2587 ut
1195 2528 1305 2587 musiva
1321 2525 1393 2582 foris
1417 2531 1447 2582 et
1464 2527 1542 2582 intua

236 2609 351 2689 fulgem
376 2615 519 2688 elegantia
543 2631 643 2672 nomen
662 2617 698 2674 ad
714 2634 811 2674 eureos
827 2623 930 2682 acoctoa
948 2619 1108 2676 sortiretur.
1144 2619 1212 2686 oua
1230 2616 1296 2688 quia
1313 2631 1365 2688 per
1383 2631 1414 2672 se
1431 2629 1543 2670 summo

236 2721 332 2760 rarum
354 2703 465 2760 auctori
488 2702 604 2774 placere
628 2721 694 2773 non,
707 2707 814 2776 potuit,
847 2712 878 2762 ut
901 2705 992 2765 adbuc
1014 2707 1133 2778 amplius
1156 2710 1187 2762 et
1204 2701 1314 2778 dignius
1334 2701 1543 2774 resplenderet,

236 2791 364 2864 plurimis
391 2789 500 2846 idoneis
533 2790 625 2847 laudis
653 2792 756 2848 divinae
782 2795 962 2866 preconibus
989 2799 1020 2851 et
1045 2793 1208 2850 ministeriis
1235 2791 1290 2848 sibi
1316 2789 1541 2864 congruentibus

236 2878 377 2936 adornata
392 2881 445 2931 est.

323 2952 414 3038 igitur
441 2981 462 3020 s
488 2965 631 3022 blaternas
653 2967 833 3024 'l'revirordm
860 2968 1010 3040 episcopus
1034 2968 1200 3042 Agrippinae
1227 2965 1355 3025 Coloniae
1389 2963 1541 3021 ecclesiam

236 3053 343 3124 primus
360 3056 460 3122 pastor
479 3050 571 3124 dignis
590 3052 789 3126 gubernaculis
807 3055 889 3112 rexit.
915 3057 997 3129 qu'ns
1014 3056 1102 3112 vitam
1120 3055 1214 3112 multis
1233 3054 1368 3112 claruisse
1386 3050 1541 3112 virtutibus

236 3145 382 3217 gestorum
409 3141 472 3212 ejus
504 3141 610 3213 scripta
636 3147 862 3199 commemorant
896 3145 972 3212 bojm
998 3144 1075 3201 sedis
1101 3145 1238 3214 antistes,
1268 3144 1342 3200 nodia
1359 3140 1540 3212 cognitorum

201 3280 204 3286 .
236 3229 346 3297 tertius,
364 3225 457 3284 sancti
469 3227 599 3284 Severini
617 3226 790 3284 confessoris
805 3229 910 3285 christi
926 3247 1082 3302 successor,
1101 3215 1212 3287 nomine
1224 3229 1400 3302 Euergislus,
1421 3226 1541 3298 quadam

238 3317 284 3372 die
308 3317 373 3372 dum
397 3316 499 3387 capitis
527 3315 627 3371 dolore
654 3316 767 3372 nimium
793 3317 934 3374 cruciatus
958 3319 994 3374 ad
1019 3319 1181 3376 memoriam
1205 3318 1358 3374 beatorum
1384 3319 1542 3386 martyrum

237 3404 375 3462 Gereonis
402 3410 432 3459 et
455 3404 597 3459 sociorum
620 3404 683 3476 ejus
707 3410 818 3460 oratum
843 3408 992 3464 accederet
1015 3412 1050 3463 et'
1068 3407 1158 3464 adbuc
1176 3408 1205 3463 in
1223 3407 1314 3463 sancti
1330 3405 1407 3460 illius
1424 3407 1542 3462 iterasti

236 3493 367 3550 indicium
387 3489 532 3566 fastigium
550 3491 656 3548 nullum
675 3493 841 3564 excelleret,
873 3495 1041 3552 versiculum
1065 3495 1094 3552 in
1111 3496 1222 3553 laudem
1238 3498 1401 3552 sanctorum
1419 3491 1475 3548 dici
1493 3507 1540 3546 so·

237 3581 329 3638 litum:
352 3581 505 3638 sectatum
520 3583 602 3636 suncti
619 3584 648 3634 in
662 3582 756 3651 obsto,
774 3579 936 3653 ingrediens
954 3582 983 3639 in
1000 3583 1148 3640 ecclesiam
1167 3581 1318 3640 inchoarit
1346 3580 1391 3636 cui
1407 3579 1539 3650 protinus

236 3686 272 3729 es
288 3667 342 3724 illo
358 3667 516 3724 venerabili
528 3672 690 3724 sauctorum
708 3683 860 3740 corporum
877 3671 966 3742 adyto
984 3687 1152 3744 responsum
1170 3677 1226 3728 est:
1246 3669 1399 3728 buccam
1416 3671 1443 3722 io
1461 3666 1537 3722 cabi-

236 3757 301 3812 litas
317 3761 377 3812 assia
412 3756 495 3824 ssuod
512 3771 573 3812 cum
590 3752 718 3826 pontifex
735 3754 909 3827 stupefactus
926 3758 1044 3828 audiret,
1062 3759 1172 3814 laudem
1191 3760 1247 3816 deo
1265 3761 1381 3830 repente
1400 3771 1462 3810 cum
1481 3771 1539 3810 om·

236 3843 328 3912 nibus,
346 3843 394 3916 qui
411 3840 753 3911 aderant,.conclamavit,
772 3846 802 3898 et
818 3845 992 3916 appropians
1010 3844 1044 3901 de
1062 3846 1120 3902 loci
1136 3847 1224 3917 ipsius
1242 3846 1360 3917 pulvere
1379 3842 1537 3914 capitisue

235 3929 363 3986 salutare
380 3929 531 3986 remedium
549 3927 681 4000 apposuit
698 3932 727 3984 ct
745 3929 914 4002 consignato
933 3947 994 3986 cum
1012 3948 1119 3990 summa
1137 3933 1299 3989 reverentia
1322 3933 1388 3988 loco
1411 3931 1539 3989 recessit.

327 4034 409 4090 'falia
427 4033 538 4104 quidem
555 4031 675 4103 plurima
693 4033 819 4090 ueridica
836 4034 976 4093 relatione
995 4037 1207 4094 commemorari
1219 4041 1346 4108 possem,
1364 4036 1391 4092 si
1404 4034 1539 4106 promissi

235 4119 383 4191 conpendii
408 4120 503 4176 studia
523 4135 579 4174 nou
603 4124 741 4176 arcerent
776 4121 841 4184 Non
865 4121 938 4178 esim
961 4124 1060 4180 exinde
1085 4130 1167 4182 erant
1190 4125 1231 4183 ibi
1248 4125 1296 4181 vel
1314 4129 1379 4182 suut
1395 4138 1463 4180 rara
1480 4123 1539 4178 uir·

237 4213 325 4266 tutum
344 4225 448 4280 opera,
467 4207 517 4263 sed
534 4221 615 4277 paene
633 4207 801 4280 cottidiana,
819 4226 938 4280 quorum
954 4212 1157 4271 multitudinem
1175 4214 1258 4270 simul
1274 4217 1305 4268 et
1321 4209 1539 4283 magnitudinem

236 4296 417 4363 annitatur,
454 4294 578 4365 quisquis
608 4295 735 4368 ejusdem
760 4297 890 4353 ccclesiae
919 4298 1023 4358 cultori
1048 4301 1164 4359 cuilibet
1190 4301 1329 4374 religioso
1356 4297 1537 4368 colloquitur.

236 4383 308 4441 Nam
326 4381 481 4454 quicunque
500 4378 554 4436 lide
578 4397 634 4438 nou
652 4381 821 4442 dormitante
839 4386 1021 4456 qualemhbet
1037 4387 1077 4443 ibi
1093 4387 1231 4444 medelam
1248 4387 1423 4458 expostulat,
1447 4385 1538 4456 ipsam

235 4467 297 4526 illic
321 4471 470 4525 sanitatem
493 4469 555 4525 voti
579 4483 694 4540 compos
718 4487 829 4544 semper
847 4473 947 4530 adeas
964 4491 1022 4530 noo
1042 4473 1159 4532 dubitat.
1192 4473 1305 4532 Similia
1323 4489 1440 4530 suorum
1454 4473 1537 4529 meri·

235 4559 330 4610 torum
348 4553 451 4608 indicia
469 4569 491 4608 s.
510 4555 622 4624 Victor,
653 4557 768 4614 Cassius
787 4565 817 4615 et
833 4560 993 4618 Florentius
1016 4579 1077 4618 cum
1102 4563 1160 4618 suis
1179 4559 1414 4620 commilitonibus
1434 4560 1537 4616 crebro

236 4642 305 4698 darc
323 4658 380 4696 non
398 4641 534 4712 desinunt,
554 4658 616 4714 quae
633 4661 715 4702 nemo
734 4647 830 4720 utique
848 4649 943 4704 verbis
962 4651 1061 4706 nedum
1079 4650 1194 4720 scriptis
1208 4649 1369 4720 adplenum
1382 4647 1537 4716 exequitur.

235 4733 265 4786 io
283 4732 345 4786 locta
361 4735 453 4786 umen
470 4735 535 4803 seia,
568 4732 615 4788 ubi
633 4733 800 4790 mirabiliter
817 4731 1047 4807 frequentantur,
1080 4736 1193 4792 uberius
1211 4738 1296 4792 etiam
1314 4733 1490 4792 sermonibus
1508 4737 1539 4788 et

1625 859 1627 954 l
