3338 5324
210 369 214 376 .
226 343 304 410 m·

254 611 260 620 ἱ
295 529 366 609 Qua
388 531 505 620 beatus
526 527 636 611 superi
740 587 744 594 .

243 655 248 664 ·
292 633 473 719 promeruit
494 651 598 714 regua
620 629 710 712 regis

247 825 250 834 ,
294 733 403 800 lucida
426 731 649 798 Emerammus

294 835 374 902 llatu
396 831 555 900 scandere
562 855 572 916 ;

228 1029 260 1092 2.
292 1025 392 1105 Quem
415 1043 539 1092 carne·

278 1137 399 1193 ¹mater
420 1127 563 1194 Pictavis

296 1230 451 1314 gravida,
475 1229 638 1295 civitatum

293 1332 480 1415 Aquitaniae

293 1437 480 1502 felicissima

296 1540 450 1620 omnium,
473 1539 570 1604 enixa
592 1549 642 1604 est

296 1641 422 1706 dulcem
444 1639 561 1722 filium,
670 1629 672 1634 ’

295 1775 356 1854 oui
376 1776 450 1859 ipso

204 1895 207 1902 ’
294 1878 443 1962 pueritiae

296 1989 443 2065 tempore
466 2001 573 2045 rerum
598 1999 725 2064 quoque

296 2085 500 2150 refutaverat
516 2087 519 2092 ’

296 2189 529 2254 transeuntium

295 2291 429 2376 gaudia,
452 2290 637 2355 meditando

291 2395 363 2479 jam
384 2395 538 2460 coelesoa.

230 2607 261 2674 8.
294 2607 374 2674 Tum
397 2609 483 2686 stola

294 2711 411 2795 gloriae
433 2717 587 2794 teguntur

295 2815 383 2880 colla
404 2816 555 2898 speciosa

295 2915 441 2998 buio‚·et
464 2925 561 3002 caput

294 3024 328 3082 et
350 3019 453 3084 corda

295 3120 449 3204 spiritalis
472 3121 581 3186 unctio

294 3241 371 3288 mox
391 3224 603 3306 inpleverat3

294 3359 397 3438 Quem
419 3361 484 3425 suis

294 3459 410 3526 ovibus
431 3467 596 3545 pastorem

291 3570 407 3648 pastor
428 3567 642 3649 subrogarat,

290 3683 333 3729 ne
357 3671 556 3732 mansuetum

293 3767 379 3831 ovile

292 3867 444 3934 circuiret
467 3867 583 3936 callide

291 3971 360 4056 lupi
382 3971 499 4038 rabies.

223 4191 255 4252 4.
287 4186 378 4254 'lunc
398 4189 555 4255 instructo
577 4211 681 4276 grege

191 4299 194 4304 '
290 4293 460 4358 commisso
482 4293 622 4359 accinxit

288 4394 341 4484 vir
363 4413 436 4459 sese
458 4394 612 4460 alacriter

288 4497 395 4563 studio
417 4494 573 4561 dilatandi

251 4667 256 4680 ,
286 4599 410 4664 semina
431 4597 509 4665 fidei

285 4701 320 4767 ‘m
342 4720 458 4788 campo
481 4703 595 4772 sterili

835 527 855 588 5

973 525 1036 591 llic
1057 543 1239 609 peragrans
1261 521 1335 588 loca

971 630 1039 714 jam
1062 629 1158 714 plura
1182 635 1217 694 et
1238 627 1385 710 linquens

974 733 1092 816 ubique
1115 731 1301 796 memoriam

834 827 838 836 ’
974 855 1106 903 suavem
1128 834 1338 920 Ratisponam

815 1127 855 1191 10

816 1643 855 1704 15

945 961 950 969 ·
973 946 1110 1004 venerat
1132 936 1174 1002 ad
1197 936 1307 1000 sedem

973 1043 1118 1126 regalem
1139 1041 1278 1106 Norioae.

908 1313 939 1376 ὅ.
972 1309 1000 1374 0
1023 1329 1117 1392 quam
1141 1328 1224 1392 gens
1246 1311 1424 1389 semuncta,
1505 1285 1509 1292 ⁸

973 1412 1031 1476 tali
1051 1419 1128 1476 tune
1149 1411 1326 1496 peregrino
1402 1473 1407 1484 ,

974 1514 1184 1579 ministrando
1206 1521 1329 1593 terrea,

974 1619 1028 1701 qui
1050 1625 1083 1681 te
1105 1624 1257 1702 pasceret

974 1718 1110 1804 spiritali
1133 1717 1242 1801 copia!

970 1881 1045 1966 lpse
1067 1891 1099 1944 te
1122 1881 1317 1946 confortavit

974 1984 1048 2051 fuso
1070 2003 1186 2050 cruore
1208 2001 1267 2048 suo

975 2097 1007 2174 et
1030 2089 1158 2152 ornavit
1180 2087 1315 2168 tumulo,

974 2207 1059 2254 nuno
1081 2189 1285 2272 amplectitur

881 2391 886 2400 ι
974 2291 1162 2376 adjuvando
1184 2292 1308 2356 sedulo.

908 2565 938 2627 6.
967 2561 1050 2627 Nam
1073 2559 1116 2626 ao
1137 2561 1255 2626 lectum

972 2667 1057 2732 illius
1080 2665 1158 2731 caeci
1217 2730 1219 2736 ,

972 2769 1090 2833 lumine
1113 2766 1203 2830 claro

972 2871 1086 2935 videre
1108 2869 1227 2949 solent,
1254 2909 1258 2916 -

972 2992 1087 3038 vocem
1110 2971 1261 3036 hauriunt

973 3073 1064 3143 surdi
1085 3074 1251 3158 liquidam,
1295 3139 1299 3148 ,

971 3229 1133 3305 Restituto
1171 3231 1175 3238 ’

972 3343 1097 3408 debiles
1121 3349 1221 3406 ovant

835 3515 841 3520 .
971 3465 1124 3532 corpore,
1147 3445 1221 3511 salit

810 3875 852 3938 35

971 3559 1006 3616 nt
1028 3568 1145 3617 cervus
1168 3546 1318 3630 claudus,

963 3656 1191 3722 ‚daemoniacus

971 3759 1054 3826 liber
1071 3757 1200 3844 jubilat
1328 3855 1330 3862 Ι

905 4034 936 4095 7.
966 4025 1056 4094 Laus
1078 4045 1160 4110 ergo
1182 4033 1336 4111 personet

967 4133 1009 4198 ab
1031 4149 1089 4196 ore
1113 4148 1256 4196 consono

875 4261 879 4270 ·
966 4237 1147 4322 principum
1169 4255 1209 4302 ac
1230 4229 1373 4318 plebium
1505 4259 1515 4327 j

875 4371 877 4378 ·
967 4357 1030 4425 pro
1048 4348 1139 4406 tanto
1160 4339 1330 4408 medicinae

763 4493 768 4502 .
806 4504 849 4569 40
894 4459 898 4466 ·
968 4443 1104 4527 gaudio,

967 4605 1146 4690 (iunctione
1171 4607 1295 4691 pariter

964 4725 1136 4805 precemur
1157 4706 1335 4792 domiuum,
