3338 5324
499 718 587 792 941.
619 718 827 818 flympnum
854 746 881 790 s.
908 717 1067 820 Georgii.

135 920 237 986 Gesta
260 931 443 988 sanctorum
468 932 646 1008 martyrum
813 923 868 990 Ira
890 943 1047 990 accensus
1070 934 1227 1010 tyrannus

132 1027 316 1090 meminisse
334 1027 513 1110 jocundum
536 1035 589 1091 est
814 1007 941 1110 pienam
964 1030 1087 1094 inuexit
1108 1033 1258 1116 martyri,

133 1137 168 1192 ct
189 1130 222 1194 in
245 1147 356 1194 eorum
379 1131 527 1196 laudibus
814 1131 946 1214 flagella
969 1151 1074 1215 saeva,
1099 1153 1265 1217 carceres,

133 1230 187 1296 dei
210 1250 331 1296 canere
352 1233 498 1314 gloriam.
814 1233 999 1298 seras-sive
1022 1237 1223 1318 sartaginem
1399 1239 1442 1303 20

136 1420 296 1504 Georgius
319 1419 439 1485 Christi
461 1422 554 1486 miles
741 1423 760 1484 5
814 1421 901 1500 Quos
923 1423 978 1486 ille
1001 1443 1065 1488 non
1089 1429 1294 1510 contremuit,

135 1533 225 1590 ortus
247 1532 297 1590 est
318 1523 552 1608 Cappadociae,
814 1527 1014 1594 confortatus
1038 1548 1056 1592 a
1080 1528 1223 1611 domino,

81 1658 84 1662 ·
134 1629 210 1710 quia
231 1649 318 1693 vana
340 1629 448 1693 mundi
470 1631 606 1713 respuit,
787 1712 790 1720 Ι
814 1627 873 1691 sed
895 1630 998 1710 magis
1020 1631 1052 1693 in
1075 1631 1196 1714 populo

132 1739 295 1796 mercatus
318 1739 369 1794 est
392 1721 545 1796 caelestia.
813 1729 935 1796 fructus
959 1731 1086 1795 divinos
1110 1733 1223 1797 intulit.

133 1921 323 1998 Pecuniam,
347 1941 442 2004 quam
465 1922 584 1986 tulerat
641 1935 645 1942 ·
812 1917 971 2000 Reginam
996 1917 1232 1985 Alexandriam
1398 1923 1439 1984 25

101 2012 105 2019 ’
131 2031 269 2106 propter
291 2024 447 2088 honorem
470 2023 637 2106 fragilem,
720 2023 760 2086 10
812 2023 944 2087 vocavit
967 2022 1008 2086 ad
1034 2025 1238 2108 martyrium,

133 2126 198 2190 fide
221 2127 365 2209 repletus
389 2127 507 2192 domini
813 2129 1007 2211 contempsit
1029 2129 1136 2192 mundi
1160 2129 1347 2211 thesauros,

132 2231 249 2314 stipem
272 2231 362 2294 dedit
384 2232 590 2314 pauperihus.
814 2230 867 2294 dei
890 2248 1043 2296 coronam
1065 2233 1189 2296 meruit.

133 2418 224 2484 'l'unc
246 2419 420 2503 conpulsus
443 2440 464 2483 a
486 2420 650 2503 principe,
685 2453 688 2460 ·
780 2407 785 2416 ’
812 2421 868 2486 Bis
891 2424 992 2486 ternis
1015 2425 1107 2488 anuis
1132 2432 1164 2487 et
1186 2442 1250 2488 uno

132 2523 220 2586 saxis
239 2531 321 2588 ,vota
343 2524 551 2606 persolvere,
623 2567 626 2573 -
812 2526 920 2590 mnndi
944 2527 1144 2608 triumphans
1168 2527 1349 2610 principem
1397 2528 1439 2592 30

132 2647 206 2710 quae
228 2627 283 2692 ille
305 2649 366 2712 per
388 2628 486 2692 fidem
509 2627 629 2692 Christi
719 2630 758 2690 15
812 2628 942 2692 cervice
965 2647 1052 2692 caesa
1076 2628 1186 2710 gladio

131 2733 325 2815 profundum
347 2735 458 2798 mersit
480 2734 601 2816 abyssi.
645 2737 646 2742 ’
700 2772 704 2778 ·
811 2733 962 2814 migravit
985 2733 1027 2796 ad
1051 2733 1204 2796 caelestia.

225 2900 272 2954 Hs.
290 2918 325 2954 nu
342 2871 465 2956 hlailand
485 2902 520 2957 Μ.
540 2904 581 2955 25.
609 2902 642 2954 15
660 2901 759 2956 Jahrh.
796 2902 851 2955 ller
870 2901 994 2971 Hymnus
1013 2901 1049 2956 ist
1069 2901 1303 2956 wahrscheinlich
1324 2897 1371 2954 liin·
1389 2900 1434 2954 die

144 2985 248 3042 Kirche
266 2987 455 3059 San-(iiorgio
474 2989 502 3042 in
520 2989 644 3042 Mailand
662 2989 793 3060 gemacht
810 2989 942 3057 worden,
962 2990 1034 3043 denn
1053 3005 1083 3042 es
1102 2989 1157 3059 gilt
1174 3005 1232 3042 von
1246 2989 1303 3043 ihm
1321 2989 1365 3042 die
1385 2989 1437 3042 Be-

140 3073 279 3146 merlmng
303 3092 338 3129 zu
362 3075 424 3130 dem
450 3075 575 3146 Hymnus
602 3073 655 3130 auf
678 3077 732 3130 den
758 3074 784 3128 h
812 3075 977 3130 Ambrosius
1004 3075 1056 3130 No.
1079 3076 1138 3130 780.
1171 3061 1233 3130 'oie
1252 3073 1439 3145 Behandlung
1534 3087 1536 3092 ·

140 3161 197 3216 und
217 3160 261 3216 die
280 3159 501 3234 Sprachformen
517 3162 661 3217 beweisen
681 3161 731 3240 das
750 3163 824 3238 hohe
842 3163 924 3217 Alter
942 3161 1096 3217 desselben.

224 3285 308 3340 idei
325 3259 398 3340 fehlt
416 3285 465 3340 der
484 3285 532 3340 lle.
577 3284 718 3352 hmilles,
738 3285 801 3354 lla,
831 3303 864 3339 ιο
885 3287 901 3338 9
920 3285 1050 3353 tollerat,
1077 3287 1112 3338 21
1129 3283 1245 3342 intullit.
1290 3284 1436 3353 60appa·

134 3369 225 3438 dotia,
243 3372 292 3426 lls,
320 3375 344 3425 7.
362 3375 404 3428 27.
422 3375 458 3426 30
475 3373 578 3440 mondi,
596 3372 644 3427 lls.
670 3373 873 3440 Smerchatns,
892 3373 939 3429 lls.
967 3375 1000 3426 15
1020 3389 1099 3443 quos,
1118 3371 1165 3426 lla.
1202 3371 1438 3450 lSpennam,lls.
1483 3453 1487 3460 .

131 3459 166 3511 ts
184 3458 316 3530 hlasand.
333 3461 381 3516 Hs.
418 3462 454 3514 30
472 3461 657 3531 triumphatus
675 3461 810 3530 principe,
829 3461 875 3516 lls.

382 3745 467 3820 942.
497 3747 540 3818 ln
567 3747 745 3817 nativitate
773 3771 801 3817 s.
829 3743 988 3844 Georgii·
1005 3743 1177 3842 martyris.

131 3947 187 4016 Ad
209 3950 327 4014 festum
349 3949 430 4014 tanti
453 3950 606 4032 martyris
813 3948 901 4014 Ecce
922 3956 997 4034 post
1020 3949 1123 4031 prima
1145 3949 1273 4031 proelia
1493 4031 1495 4036 Ι

131 4060 306 4120 concurrat
327 4053 422 4138 plebs
445 4053 607 4136 amabilis,
813 4050 1037 4134 Stephanique
1064 4051 1241 4115 certamina
1400 4050 1439 4112 to

132 4159 341 4222 solemnitare
364 4157 493 4222 domino
814 4153 1034 4236 agonistarum
1056 4153 1213 4216 maximus
1235 4191 1237 4196 -

133 4258 215 4324 odas
238 4261 384 4326 canendo
408 4258 616 4345 rhythmicas.
812 4259 962 4323 inventus
986 4265 1036 4322 est
1059 4257 1230 4340 Georgius.

132 4419 194 4485 llic
217 4429 268 4484 est
289 4421 345 4484 ille
368 4421 549 4508 Georgius,
739 4427 758 4488 5
811 4425 849 4491 ln
871 4424 973 4488 tribus
997 4421 1105 4487 mundi
1128 4421 1274 4504 partibus

133 4522 257 4596 athleta
280 4522 401 4591 Christi
420 4535 588 4611 strenuus,
772 4599 776 4606 ,
812 4533 845 4592 et
867 4525 1032 4608 quaternis
1051 4524 1232 4594 'climatibus

113 4625 227 4711 'cnjus
248 4629 411 4712 praeclara
432 4633 547 4697 merita
812 4629 855 4694 ad
877 4630 993 4694 coelum
1016 4647 1117 4710 usque
1140 4625 1288 4692 laudibus
1398 4621 1438 4686 15

131 4733 251 4814 probat
273 4742 378 4802 mater
401 4736 549 4803 ecclesia.
591 4819 593 4824 ,
813 4743 862 4801 est
885 4743 1053 4820 promotus
1076 4735 1247 4818 Georgius.
