<?xml version="1.0" encoding="UTF-8"?>
<!DOCTYPE html PUBLIC "-//W3C//DTD XHTML 1.0 Transitional//EN"
    "http://www.w3.org/TR/xhtml1/DTD/xhtml1-transitional.dtd">
<html xmlns="http://www.w3.org/1999/xhtml" xml:lang="en" lang="en">
 <head>
  <title>
</title>
<meta http-equiv="Content-Type" content="text/html;charset=utf-8" />
  <meta name='ocr-system' content='tesseract 3.04.00' />
  <meta name='ocr-capabilities' content='ocr_page ocr_carea ocr_par ocr_line ocrx_word'/>
</head>
<body>
  <div class='ocr_page' id='page_1' title='image "./lateinischehymn02monegoog/lateinischehymn02monegoog_0360.png"; bbox 0 0 3326 5322; ppageno 0'>
   <div class='ocr_carea' id='block_1_1' title="bbox 224 299 292 374">
    <p class='ocr_par' dir='ltr' id='par_1_1' title="bbox 224 299 292 374">
     <span class='ocr_line' id='line_1_1' title="bbox 224 299 292 374; baseline 0.029 -1"><span class='ocrx_word' id='word_1_1' title='bbox 224 299 292 374; x_wconf 67' lang='grc'><strong>844</strong></span> 
     </span>
    </p>
   </div>
   <div class='ocr_carea' id='block_1_2' title="bbox 224 479 764 682">
    <p class='ocr_par' dir='ltr' id='par_1_2' title="bbox 224 479 764 682">
     <span class='ocr_line' id='line_1_2' title="bbox 225 479 764 577; baseline 0.007 -21"><span class='ocrx_word' id='word_1_2' title='bbox 225 487 338 558; x_wconf 78' lang='lat' dir='ltr'><strong>catur</strong></span> <span class='ocrx_word' id='word_1_3' title='bbox 359 497 471 556; x_wconf 81' lang='lat' dir='ltr'><strong>moster</strong></span> <span class='ocrx_word' id='word_1_4' title='bbox 492 491 569 558; x_wconf 83' lang='lat' dir='ltr'><strong>hino</strong></span> <span class='ocrx_word' id='word_1_5' title='bbox 590 479 764 577; x_wconf 76' lang='lat' dir='ltr'><strong>applaude,</strong></span> 
     </span>
     <span class='ocr_line' id='line_1_3' title="bbox 224 591 747 682; baseline 0.004 -22"><span class='ocrx_word' id='word_1_6' title='bbox 224 591 313 660; x_wconf 81' lang='lat' dir='ltr'><strong>humo</strong></span> <span class='ocrx_word' id='word_1_7' title='bbox 334 594 465 659; x_wconf 80' lang='lat' dir='ltr'><strong>honora·</strong></span> <span class='ocrx_word' id='word_1_8' title='bbox 484 594 616 678; x_wconf 80' lang='lat' dir='ltr'><strong>dignum</strong></span> <span class='ocrx_word' id='word_1_9' title='bbox 639 597 747 682; x_wconf 85' lang='lat' dir='ltr'><strong>laude,</strong></span> 
     </span>
    </p>
   </div>
   <div class='ocr_carea' id='block_1_3' title="bbox 256 696 861 781">
    <p class='ocr_par' dir='ltr' id='par_1_3' title="bbox 256 696 861 781">
     <span class='ocr_line' id='line_1_4' title="bbox 256 696 861 781; baseline 0.01 -22"><span class='ocrx_word' id='word_1_10' title='bbox 256 697 325 777; x_wconf 71' lang='lat' dir='ltr'><strong>&#39;qui</strong></span> <span class='ocrx_word' id='word_1_11' title='bbox 345 696 427 760; x_wconf 85' lang='lat' dir='ltr'><strong>vivit</strong></span> <span class='ocrx_word' id='word_1_12' title='bbox 448 697 481 760; x_wconf 89' lang='lat' dir='ltr'><strong>iu</strong></span> <span class='ocrx_word' id='word_1_13' title='bbox 503 697 621 781; x_wconf 81' lang='lat' dir='ltr'><strong>gloria.</strong></span> <span class='ocrx_word' id='word_1_14' title='bbox 810 701 861 765; x_wconf 83' lang='lat' dir='ltr'><strong>1s·</strong></span> 
     </span>
    </p>
   </div>
   <div class='ocr_carea' id='block_1_4' title="bbox 222 879 849 1466">
    <p class='ocr_par' dir='ltr' id='par_1_4' title="bbox 225 879 806 976">
     <span class='ocr_line' id='line_1_5' title="bbox 225 879 806 976; baseline 0.015 -28"><span class='ocrx_word' id='word_1_15' title='bbox 225 879 340 976; x_wconf 79' lang='lat' dir='ltr'><strong>Sciant</strong></span> <span class='ocrx_word' id='word_1_16' title='bbox 361 902 472 950; x_wconf 87' lang='lat' dir='ltr'><strong>omues</strong></span> <span class='ocrx_word' id='word_1_17' title='bbox 495 893 529 950; x_wconf 88' lang='lat' dir='ltr'><strong>et</strong></span> <span class='ocrx_word' id='word_1_18' title='bbox 551 888 655 954; x_wconf 87' lang='lat' dir='ltr'><strong>sciant</strong></span> <span class='ocrx_word' id='word_1_19' title='bbox 678 890 806 975; x_wconf 78' lang='lat' dir='ltr'><strong>singuli,</strong></span> 
     </span>
    </p>

    <p class='ocr_par' dir='ltr' id='par_1_5' title="bbox 222 989 757 1177">
     <span class='ocr_line' id='line_1_6' title="bbox 222 989 757 1073; baseline 0.013 -23"><span class='ocrx_word' id='word_1_20' title='bbox 222 1003 290 1051; x_wconf 85' lang='lat' dir='ltr'><strong>uon</strong></span> <span class='ocrx_word' id='word_1_21' title='bbox 313 989 462 1070; x_wconf 87' lang='lat' dir='ltr'><strong>quaesivit</strong></span> <span class='ocrx_word' id='word_1_22' title='bbox 484 989 622 1073; x_wconf 81' lang='lat' dir='ltr'><strong>gloriam</strong></span> <span class='ocrx_word' id='word_1_23' title='bbox 645 994 757 1059; x_wconf 81' lang='lat' dir='ltr'><strong>saeeuli</strong></span> 
     </span>
     <span class='ocr_line' id='line_1_7' title="bbox 266 1091 626 1177; baseline 0.008 -22"><span class='ocrx_word' id='word_1_24' title='bbox 266 1107 329 1156; x_wconf 87' lang='lat' dir='ltr'><strong>neo</strong></span> <span class='ocrx_word' id='word_1_25' title='bbox 350 1091 453 1175; x_wconf 85' lang='lat' dir='ltr'><strong>patris</strong></span> <span class='ocrx_word' id='word_1_26' title='bbox 474 1092 626 1177; x_wconf 85' lang='lat' dir='ltr'><strong>imperia3</strong></span> 
     </span>
    </p>

    <p class='ocr_par' dir='ltr' id='par_1_6' title="bbox 222 1193 783 1280">
     <span class='ocr_line' id='line_1_8' title="bbox 222 1193 783 1280; baseline 0.009 -22"><span class='ocrx_word' id='word_1_27' title='bbox 222 1212 328 1276; x_wconf 84' lang='lat' dir='ltr'><strong>regna</strong></span> <span class='ocrx_word' id='word_1_28' title='bbox 349 1193 464 1275; x_wconf 78' lang='lat' dir='ltr'><strong>linquit</strong></span> <span class='ocrx_word' id='word_1_29' title='bbox 487 1202 520 1260; x_wconf 89' lang='lat' dir='ltr'><strong>et</strong></span> <span class='ocrx_word' id='word_1_30' title='bbox 541 1196 625 1279; x_wconf 82' lang='lat' dir='ltr'><strong>fugit</strong></span> <span class='ocrx_word' id='word_1_31' title='bbox 646 1199 783 1280; x_wconf 86' lang='lat' dir='ltr'><strong>patriam</strong></span> 
     </span>
    </p>

    <p class='ocr_par' dir='ltr' id='par_1_7' title="bbox 224 1296 849 1466">
     <span class='ocr_line' id='line_1_9' title="bbox 224 1296 849 1373; baseline 0.021 -13"><span class='ocrx_word' id='word_1_32' title='bbox 224 1303 259 1360; x_wconf 90' lang='lat' dir='ltr'><strong>et</strong></span> <span class='ocrx_word' id='word_1_33' title='bbox 280 1296 400 1365; x_wconf 78' lang='lat' dir='ltr'>subivit</span> <span class='ocrx_word' id='word_1_34' title='bbox 422 1299 583 1364; x_wconf 86' lang='lat' dir='ltr'><strong>transiens</strong></span> <span class='ocrx_word' id='word_1_35' title='bbox 605 1298 749 1368; x_wconf 84' lang='lat' dir='ltr'><strong>Samiam</strong></span> <span class='ocrx_word' id='word_1_36' title='bbox 806 1305 849 1373; x_wconf 85' lang='lat'><strong>20</strong></span> 
     </span>
     <span class='ocr_line' id='line_1_10' title="bbox 265 1398 753 1466; baseline 0.014 -4"><span class='ocrx_word' id='word_1_37' title='bbox 265 1398 394 1463; x_wconf 89' lang='lat' dir='ltr'><strong>Pontivi</strong></span> <span class='ocrx_word' id='word_1_38' title='bbox 416 1401 576 1466; x_wconf 53' lang='lat' dir='ltr'><strong>confinia(</strong></span> <span class='ocrx_word' id='word_1_39' title='bbox 752 1411 753 1416; x_wconf 76' lang='grc'>’</span> 
     </span>
    </p>
   </div>
   <div class='ocr_carea' id='block_1_5' title="bbox 218 1585 846 2192">
    <p class='ocr_par' dir='ltr' id='par_1_8' title="bbox 218 1585 846 2192">
     <span class='ocr_line' id='line_1_11' title="bbox 220 1585 700 1673; baseline 0.013 -23"><span class='ocrx_word' id='word_1_40' title='bbox 220 1585 312 1654; x_wconf 78' lang='lat' dir='ltr'><strong>Turro</strong></span> <span class='ocrx_word' id='word_1_41' title='bbox 334 1591 395 1654; x_wconf 88' lang='lat' dir='ltr'><strong>sub</strong></span> <span class='ocrx_word' id='word_1_42' title='bbox 418 1587 500 1654; x_wconf 84' lang='lat' dir='ltr'><strong>duee</strong></span> <span class='ocrx_word' id='word_1_43' title='bbox 521 1593 700 1673; x_wconf 78' lang='lat' dir='ltr'>requievit,</span> 
     </span>
     <span class='ocr_line' id='line_1_12' title="bbox 219 1689 620 1776; baseline 0.01 -21"><span class='ocrx_word' id='word_1_44' title='bbox 219 1692 276 1757; x_wconf 92' lang='lat' dir='ltr'><strong>ubi</strong></span> <span class='ocrx_word' id='word_1_45' title='bbox 299 1689 429 1758; x_wconf 77' lang='lat' dir='ltr'><strong>Christo</strong></span> <span class='ocrx_word' id='word_1_46' title='bbox 453 1693 620 1776; x_wconf 84' lang='lat' dir='ltr'><strong>adquievit</strong></span> 
     </span>
     <span class='ocr_line' id='line_1_13' title="bbox 265 1794 566 1878; baseline 0.013 -22"><span class='ocrx_word' id='word_1_47' title='bbox 265 1798 298 1857; x_wconf 91' lang='lat' dir='ltr'><strong>et</strong></span> <span class='ocrx_word' id='word_1_48' title='bbox 320 1794 393 1878; x_wconf 80' lang='lat' dir='ltr'><strong>eJ&#39;us</strong></span> <span class='ocrx_word' id='word_1_49' title='bbox 416 1797 566 1878; x_wconf 82' lang='lat' dir='ltr'><strong>servitio,</strong></span> 
     </span>
     <span class='ocr_line' id='line_1_14' title="bbox 218 1897 846 1984; baseline 0.003 -22"><span class='ocrx_word' id='word_1_50' title='bbox 218 1897 274 1962; x_wconf 90' lang='lat' dir='ltr'><strong>hio</strong></span> <span class='ocrx_word' id='word_1_51' title='bbox 296 1916 332 1961; x_wconf 75' lang='lat' dir='ltr'><strong>se</strong></span> <span class='ocrx_word' id='word_1_52' title='bbox 354 1899 427 1963; x_wconf 90' lang='lat' dir='ltr'><strong>viro</strong></span> <span class='ocrx_word' id='word_1_53' title='bbox 450 1899 700 1984; x_wconf 87' lang='lat' dir='ltr'><strong>demonstravit,</strong></span> <span class='ocrx_word' id='word_1_54' title='bbox 804 1903 846 1964; x_wconf 87' lang='lat'><strong>25</strong></span> 
     </span>
     <span class='ocr_line' id='line_1_15' title="bbox 219 1999 836 2098; baseline 0.005 -33"><span class='ocrx_word' id='word_1_55' title='bbox 219 1999 349 2083; x_wconf 87' lang='lat' dir='ltr'><strong>quaudo</strong></span> <span class='ocrx_word' id='word_1_56' title='bbox 372 2021 490 2085; x_wconf 87' lang='lat' dir='ltr'><strong>panem</strong></span> <span class='ocrx_word' id='word_1_57' title='bbox 511 2003 711 2086; x_wconf 87' lang='lat' dir='ltr'><strong>impetravit,</strong></span> <span class='ocrx_word' id='word_1_58' title='bbox 829 2089 836 2098; x_wconf 18' lang='grc' dir='ltr'><em>ὁ</em></span> 
     </span>
     <span class='ocr_line' id='line_1_16' title="bbox 262 2104 622 2192; baseline 0.008 -23"><span class='ocrx_word' id='word_1_59' title='bbox 262 2104 343 2172; x_wconf 86' lang='lat' dir='ltr'><strong>deus</strong></span> <span class='ocrx_word' id='word_1_60' title='bbox 365 2106 456 2170; x_wconf 87' lang='lat' dir='ltr'><strong>vultu</strong></span> <span class='ocrx_word' id='word_1_61' title='bbox 477 2108 622 2192; x_wconf 89' lang='lat' dir='ltr'><strong>proprio.</strong></span> 
     </span>
    </p>
   </div>
   <div class='ocr_carea' id='block_1_6' title="bbox 903 499 1536 786">
    <p class='ocr_par' dir='ltr' id='par_1_9' title="bbox 903 499 1536 786">
     <span class='ocr_line' id='line_1_17' title="bbox 904 499 1252 584; baseline 0.011 -22"><span class='ocrx_word' id='word_1_62' title='bbox 904 513 987 582; x_wconf 84' lang='lat' dir='ltr'><strong>opus</strong></span> <span class='ocrx_word' id='word_1_63' title='bbox 1009 499 1069 564; x_wconf 80' lang='lat' dir='ltr'><strong>tuit</strong></span> <span class='ocrx_word' id='word_1_64' title='bbox 1090 501 1252 584; x_wconf 84' lang='lat' dir='ltr'><strong>mirabile,</strong></span> 
     </span>
     <span class='ocr_line' id='line_1_18' title="bbox 903 602 1536 698; baseline 0.009 -31"><span class='ocrx_word' id='word_1_65' title='bbox 903 602 957 668; x_wconf 85' lang='lat' dir='ltr'><strong>alu</strong></span> <span class='ocrx_word' id='word_1_66' title='bbox 979 602 1100 668; x_wconf 77' lang='lat' dir='ltr'><strong>fallitur</strong></span> <span class='ocrx_word' id='word_1_67' title='bbox 1123 607 1266 698; x_wconf 28' lang='lat' dir='ltr'><strong>aquiiae·</strong></span> <span class='ocrx_word' id='word_1_68' title='bbox 1490 611 1536 673; x_wconf 83' lang='lat'><strong>50</strong></span> 
     </span>
     <span class='ocr_line' id='line_1_19' title="bbox 947 723 1272 786; baseline 0.018 -19"><span class='ocrx_word' id='word_1_69' title='bbox 947 723 1048 786; x_wconf 85' lang='lat' dir='ltr'><strong>preoe</strong></span> <span class='ocrx_word' id='word_1_70' title='bbox 1069 725 1272 773; x_wconf 77' lang='lat' dir='ltr'><strong>vursauora.</strong></span> 
     </span>
    </p>
   </div>
   <div class='ocr_carea' id='block_1_7' title="bbox 903 931 1398 1021">
    <p class='ocr_par' dir='ltr' id='par_1_10' title="bbox 903 931 1398 1021">
     <span class='ocr_line' id='line_1_20' title="bbox 903 931 1398 1021; baseline 0.016 -24"><span class='ocrx_word' id='word_1_71' title='bbox 903 931 930 997; x_wconf 92' lang='lat'>0</span> <span class='ocrx_word' id='word_1_72' title='bbox 954 953 1048 1017; x_wconf 86' lang='lat' dir='ltr'><strong>quam</strong></span> <span class='ocrx_word' id='word_1_73' title='bbox 1069 957 1153 1020; x_wconf 87' lang='lat' dir='ltr'><strong>pura</strong></span> <span class='ocrx_word' id='word_1_74' title='bbox 1175 938 1324 1021; x_wconf 80' lang='lat' dir='ltr'><strong>genitura</strong></span> <span class='ocrx_word' id='word_1_75' title='bbox 1396 965 1398 970; x_wconf 94' lang='lat'>·</span> 
     </span>
    </p>
   </div>
   <div class='ocr_carea' id='block_1_8' title="bbox 876 1035 1328 1128">
    <p class='ocr_par' dir='ltr' id='par_1_11' title="bbox 876 1035 1328 1128">
     <span class='ocr_line' id='line_1_21' title="bbox 876 1035 1328 1128; baseline 0.011 -29"><span class='ocrx_word' id='word_1_76' title='bbox 876 1123 878 1128; x_wconf 23' lang='grc' dir='ltr'>Ι</span> <span class='ocrx_word' id='word_1_77' title='bbox 902 1035 962 1100; x_wconf 79' lang='lat' dir='ltr'><strong>fuit</strong></span> <span class='ocrx_word' id='word_1_78' title='bbox 983 1036 1058 1118; x_wconf 85' lang='lat' dir='ltr'><strong>iste,</strong></span> <span class='ocrx_word' id='word_1_79' title='bbox 1082 1038 1163 1103; x_wconf 86' lang='lat' dir='ltr'><strong>Jesu</strong></span> <span class='ocrx_word' id='word_1_80' title='bbox 1186 1037 1328 1122; x_wconf 84' lang='lat' dir='ltr'><strong>Christo,</strong></span> 
     </span>
    </p>
   </div>
   <div class='ocr_carea' id='block_1_9' title="bbox 901 1139 1295 1329">
    <p class='ocr_par' dir='ltr' id='par_1_12' title="bbox 901 1139 1295 1329">
     <span class='ocr_line' id='line_1_22' title="bbox 945 1139 1286 1223; baseline 0.015 -21"><span class='ocrx_word' id='word_1_81' title='bbox 945 1139 1023 1203; x_wconf 87' lang='lat' dir='ltr'><strong>vitae</strong></span> <span class='ocrx_word' id='word_1_82' title='bbox 1046 1139 1150 1205; x_wconf 81' lang='lat' dir='ltr'><strong>vitans</strong></span> <span class='ocrx_word' id='word_1_83' title='bbox 1174 1141 1286 1223; x_wconf 85' lang='lat' dir='ltr'><strong>devia3</strong></span> 
     </span>
     <span class='ocr_line' id='line_1_23' title="bbox 901 1241 1295 1329; baseline 0.013 -23"><span class='ocrx_word' id='word_1_84' title='bbox 901 1241 934 1306; x_wconf 83' lang='lat' dir='ltr'><strong>in</strong></span> <span class='ocrx_word' id='word_1_85' title='bbox 957 1241 1020 1306; x_wconf 84' lang='lat' dir='ltr'><strong>huo</strong></span> <span class='ocrx_word' id='word_1_86' title='bbox 1042 1243 1110 1308; x_wconf 86' lang='lat' dir='ltr'><strong>vita</strong></span> <span class='ocrx_word' id='word_1_87' title='bbox 1131 1246 1212 1311; x_wconf 88' lang='lat' dir='ltr'><strong>vixit</strong></span> <span class='ocrx_word' id='word_1_88' title='bbox 1233 1247 1295 1329; x_wconf 86' lang='lat' dir='ltr'><strong>ita,</strong></span> 
     </span>
    </p>
   </div>
   <div class='ocr_carea' id='block_1_10' title="bbox 766 1348 1438 1430">
    <p class='ocr_par' dir='ltr' id='par_1_13' title="bbox 766 1348 1438 1430">
     <span class='ocr_line' id='line_1_24' title="bbox 766 1348 1438 1430; baseline 0.022 -27"><span class='ocrx_word' id='word_1_89' title='bbox 766 1415 774 1430; x_wconf 46' lang='lat'><strong>·</strong></span> <span class='ocrx_word' id='word_1_90' title='bbox 900 1362 1064 1425; x_wconf 84' lang='lat' dir='ltr'><strong>uunquam</strong></span> <span class='ocrx_word' id='word_1_91' title='bbox 1085 1348 1191 1424; x_wconf 80' lang='lat' dir='ltr'><strong>lentus</strong></span> <span class='ocrx_word' id='word_1_92' title='bbox 1216 1356 1266 1416; x_wconf 88' lang='lat' dir='ltr'><strong>est</strong></span> <span class='ocrx_word' id='word_1_93' title='bbox 1287 1351 1438 1418; x_wconf 83' lang='lat' dir='ltr'><strong>iuventus</strong></span> 
     </span>
    </p>
   </div>
   <div class='ocr_carea' id='block_1_11' title="bbox 918 1447 1227 1518">
    <p class='ocr_par' dir='ltr' id='par_1_14' title="bbox 918 1447 1227 1518">
     <span class='ocr_line' id='line_1_25' title="bbox 918 1447 1227 1518; baseline 0.023 -7"><span class='ocrx_word' id='word_1_94' title='bbox 918 1493 920 1499; x_wconf 85' lang='lat'>-</span> <span class='ocrx_word' id='word_1_95' title='bbox 945 1447 988 1512; x_wconf 88' lang='lat' dir='ltr'><strong>ad</strong></span> <span class='ocrx_word' id='word_1_96' title='bbox 1010 1448 1063 1512; x_wconf 90' lang='lat' dir='ltr'><strong>dei</strong></span> <span class='ocrx_word' id='word_1_97' title='bbox 1084 1451 1227 1518; x_wconf 80' lang='lat' dir='ltr'><strong>servitia</strong></span> 
     </span>
    </p>
   </div>
   <div class='ocr_carea' id='block_1_12' title="bbox 899 1677 1356 1872">
    <p class='ocr_par' dir='ltr' id='par_1_15' title="bbox 899 1677 1356 1872">
     <span class='ocr_line' id='line_1_26' title="bbox 901 1677 1356 1768; baseline 0.015 -26"><span class='ocrx_word' id='word_1_98' title='bbox 901 1677 996 1743; x_wconf 85' lang='lat' dir='ltr'><strong>Vana</strong></span> <span class='ocrx_word' id='word_1_99' title='bbox 1018 1699 1177 1762; x_wconf 77' lang='lat' dir='ltr'><strong>spernens</strong></span> <span class='ocrx_word' id='word_1_100' title='bbox 1198 1691 1232 1747; x_wconf 89' lang='lat' dir='ltr'><strong>et</strong></span> <span class='ocrx_word' id='word_1_101' title='bbox 1254 1685 1356 1768; x_wconf 88' lang='lat' dir='ltr'><strong>levia,</strong></span> 
     </span>
     <span class='ocr_line' id='line_1_27' title="bbox 899 1768 1348 1872; baseline 0.018 -27"><span class='ocrx_word' id='word_1_102' title='bbox 899 1768 987 1846; x_wconf 67' lang='lat' dir='ltr'><strong>&#39;aiam</strong></span> <span class='ocrx_word' id='word_1_103' title='bbox 1009 1789 1123 1870; x_wconf 85' lang='lat' dir='ltr'><strong>teneus</strong></span> <span class='ocrx_word' id='word_1_104' title='bbox 1146 1803 1210 1849; x_wconf 88' lang='lat' dir='ltr'><strong>uon</strong></span> <span class='ocrx_word' id='word_1_105' title='bbox 1234 1787 1348 1872; x_wconf 87' lang='lat' dir='ltr'><strong>devia,</strong></span> 
     </span>
    </p>
   </div>
   <div class='ocr_carea' id='block_1_13' title="bbox 899 1885 1657 1970">
    <p class='ocr_par' dir='ltr' id='par_1_16' title="bbox 899 1885 1657 1970">
     <span class='ocr_line' id='line_1_28' title="bbox 899 1885 1657 1970; baseline 0.018 -21"><span class='ocrx_word' id='word_1_106' title='bbox 899 1887 933 1950; x_wconf 88' lang='lat' dir='ltr'><strong>in</strong></span> <span class='ocrx_word' id='word_1_107' title='bbox 954 1885 1042 1950; x_wconf 83' lang='lat' dir='ltr'><strong>invia</strong></span> <span class='ocrx_word' id='word_1_108' title='bbox 1061 1905 1141 1970; x_wconf 86' lang='lat' dir='ltr'><strong>nou,</strong></span> <span class='ocrx_word' id='word_1_109' title='bbox 1164 1890 1198 1952; x_wconf 88' lang='lat' dir='ltr'><strong>iu</strong></span> <span class='ocrx_word' id='word_1_110' title='bbox 1219 1891 1274 1956; x_wconf 86' lang='lat' dir='ltr'><strong>via</strong></span> <span class='ocrx_word' id='word_1_111' title='bbox 1484 1898 1529 1960; x_wconf 90' lang='grc'><strong>60</strong></span> <span class='ocrx_word' id='word_1_112' title='bbox 1656 1937 1657 1944; x_wconf 44' lang='lat'>1</span> 
     </span>
    </p>
   </div>
   <div class='ocr_carea' id='block_1_14' title="bbox 942 1989 1213 2057">
    <p class='ocr_par' dir='ltr' id='par_1_17' title="bbox 942 1989 1213 2057">
     <span class='ocr_line' id='line_1_29' title="bbox 942 1989 1213 2057; baseline 0.015 -4"><span class='ocrx_word' id='word_1_113' title='bbox 942 1989 1021 2055; x_wconf 79' lang='lat' dir='ltr'><strong>feeit</strong></span> <span class='ocrx_word' id='word_1_114' title='bbox 1043 1991 1213 2057; x_wconf 81' lang='lat' dir='ltr'><strong>domicilia.</strong></span> 
     </span>
    </p>
   </div>
   <div class='ocr_carea' id='block_1_15' title="bbox 898 2209 1441 2315">
    <p class='ocr_par' dir='ltr' id='par_1_18' title="bbox 898 2209 1441 2315">
     <span class='ocr_line' id='line_1_30' title="bbox 898 2209 1441 2315; baseline 0.015 -31"><span class='ocrx_word' id='word_1_115' title='bbox 898 2219 1034 2286; x_wconf 85' lang='lat' dir='ltr'><strong>Romam</strong></span> <span class='ocrx_word' id='word_1_116' title='bbox 1055 2223 1179 2288; x_wconf 89' lang='lat' dir='ltr'><strong>vadens</strong></span> <span class='ocrx_word' id='word_1_117' title='bbox 1201 2209 1266 2290; x_wconf 81' lang='lat' dir='ltr'><strong>mou</strong></span> <span class='ocrx_word' id='word_1_118' title='bbox 1288 2236 1441 2315; x_wconf 87' lang='lat' dir='ltr'><strong>moratur,</strong></span> 
     </span>
    </p>
   </div>
   <div class='ocr_carea' id='block_1_16' title="bbox 216 2295 843 2894">
    <p class='ocr_par' dir='ltr' id='par_1_19' title="bbox 216 2295 843 2894">
     <span class='ocr_line' id='line_1_31' title="bbox 217 2295 690 2381; baseline -0.004 -17"><span class='ocrx_word' id='word_1_119' title='bbox 217 2295 316 2364; x_wconf 90' lang='lat' dir='ltr'><strong>Panis</strong></span> <span class='ocrx_word' id='word_1_120' title='bbox 340 2295 434 2362; x_wconf 86' lang='lat' dir='ltr'><strong>datus</strong></span> <span class='ocrx_word' id='word_1_121' title='bbox 456 2315 521 2361; x_wconf 89' lang='lat' dir='ltr'><strong>nou</strong></span> <span class='ocrx_word' id='word_1_122' title='bbox 543 2298 690 2381; x_wconf 81' lang='lat' dir='ltr'><strong>ingratus</strong></span> 
     </span>
     <span class='ocr_line' id='line_1_32' title="bbox 216 2399 700 2484; baseline 0.006 -20"><span class='ocrx_word' id='word_1_123' title='bbox 216 2399 291 2482; x_wconf 78' lang='lat' dir='ltr'><strong>fuit,</strong></span> <span class='ocrx_word' id='word_1_124' title='bbox 313 2399 408 2462; x_wconf 90' lang='lat' dir='ltr'><strong>immo</strong></span> <span class='ocrx_word' id='word_1_125' title='bbox 430 2406 603 2484; x_wconf 87' lang='lat' dir='ltr'><strong>reparatus</strong></span> <span class='ocrx_word' id='word_1_126' title='bbox 698 2425 700 2430; x_wconf 92' lang='lat'>·</span> 
     </span>
     <span class='ocr_line' id='line_1_33' title="bbox 261 2499 843 2584; baseline 0.012 -21"><span class='ocrx_word' id='word_1_127' title='bbox 261 2499 372 2564; x_wconf 88' lang='lat' dir='ltr'><strong>divino</strong></span> <span class='ocrx_word' id='word_1_128' title='bbox 396 2503 548 2584; x_wconf 89' lang='lat' dir='ltr'><strong>oonsilio,</strong></span> <span class='ocrx_word' id='word_1_129' title='bbox 801 2507 843 2570; x_wconf 83' lang='lat'><strong>30</strong></span> 
     </span>
     <span class='ocr_line' id='line_1_34' title="bbox 218 2602 644 2690; baseline 0.002 -22"><span class='ocrx_word' id='word_1_130' title='bbox 218 2602 282 2668; x_wconf 86' lang='lat' dir='ltr'><strong>deo</strong></span> <span class='ocrx_word' id='word_1_131' title='bbox 304 2623 421 2688; x_wconf 88' lang='lat' dir='ltr'><strong>panem</strong></span> <span class='ocrx_word' id='word_1_132' title='bbox 444 2603 498 2670; x_wconf 86' lang='lat' dir='ltr'><strong>hio</strong></span> <span class='ocrx_word' id='word_1_133' title='bbox 519 2605 644 2690; x_wconf 86' lang='lat' dir='ltr'><strong>divisit,</strong></span> 
     </span>
     <span class='ocr_line' id='line_1_35' title="bbox 217 2707 667 2775; baseline 0.007 -3"><span class='ocrx_word' id='word_1_134' title='bbox 217 2707 298 2772; x_wconf 84' lang='lat' dir='ltr'><strong>deus</strong></span> <span class='ocrx_word' id='word_1_135' title='bbox 320 2727 422 2772; x_wconf 87' lang='lat' dir='ltr'><strong>naves</strong></span> <span class='ocrx_word' id='word_1_136' title='bbox 445 2708 521 2774; x_wconf 85' lang='lat' dir='ltr'><strong>hine</strong></span> <span class='ocrx_word' id='word_1_137' title='bbox 542 2710 667 2775; x_wconf 84' lang='lat' dir='ltr'><strong>remisit</strong></span> 
     </span>
     <span class='ocr_line' id='line_1_36' title="bbox 259 2810 565 2894; baseline 0.02 -21"><span class='ocrx_word' id='word_1_138' title='bbox 259 2811 375 2894; x_wconf 86' lang='lat' dir='ltr'><strong>plenas</strong></span> <span class='ocrx_word' id='word_1_139' title='bbox 397 2810 565 2879; x_wconf 75' lang='lat' dir='ltr'><strong>beneficio.</strong></span> 
     </span>
    </p>
   </div>
   <div class='ocr_carea' id='block_1_17' title="bbox 213 3015 839 3619">
    <p class='ocr_par' dir='ltr' id='par_1_20' title="bbox 214 3015 719 3106">
     <span class='ocr_line' id='line_1_37' title="bbox 214 3015 719 3106; baseline 0.008 -25"><span class='ocrx_word' id='word_1_140' title='bbox 214 3015 345 3094; x_wconf 81' lang='lat' dir='ltr'><strong>Victum</strong></span> <span class='ocrx_word' id='word_1_141' title='bbox 368 3019 491 3083; x_wconf 86' lang='lat' dir='ltr'><strong>eunotis</strong></span> <span class='ocrx_word' id='word_1_142' title='bbox 514 3019 565 3083; x_wconf 89' lang='lat' dir='ltr'><strong>vir</strong></span> <span class='ocrx_word' id='word_1_143' title='bbox 587 3028 719 3106; x_wconf 82' lang='lat' dir='ltr'><strong>erogat,</strong></span> 
     </span>
    </p>

    <p class='ocr_par' dir='ltr' id='par_1_21' title="bbox 216 3120 839 3310">
     <span class='ocr_line' id='line_1_38' title="bbox 216 3120 839 3211; baseline 0.005 -25"><span class='ocrx_word' id='word_1_144' title='bbox 216 3120 305 3203; x_wconf 79' lang='lat' dir='ltr'><strong>oepit</strong></span> <span class='ocrx_word' id='word_1_145' title='bbox 327 3121 477 3202; x_wconf 88' lang='lat' dir='ltr'><strong>quisque,</strong></span> <span class='ocrx_word' id='word_1_146' title='bbox 502 3132 653 3205; x_wconf 86' lang='lat' dir='ltr'><strong>quantum</strong></span> <span class='ocrx_word' id='word_1_147' title='bbox 668 3131 775 3211; x_wconf 82' lang='lat' dir='ltr'><strong>rogat,</strong></span> <span class='ocrx_word' id='word_1_148' title='bbox 797 3128 839 3191; x_wconf 83' lang='lat'><strong>35</strong></span> 
     </span>
     <span class='ocr_line' id='line_1_39' title="bbox 259 3224 615 3310; baseline 0.014 -24"><span class='ocrx_word' id='word_1_149' title='bbox 259 3224 479 3308; x_wconf 80' lang='lat' dir='ltr'>respondente</span> <span class='ocrx_word' id='word_1_150' title='bbox 502 3229 615 3310; x_wconf 86' lang='lat' dir='ltr'><strong>eopia,</strong></span> 
     </span>
    </p>

    <p class='ocr_par' dir='ltr' id='par_1_22' title="bbox 213 3329 700 3413">
     <span class='ocr_line' id='line_1_40' title="bbox 213 3329 700 3413; baseline 0.012 -23"><span class='ocrx_word' id='word_1_151' title='bbox 213 3332 312 3394; x_wconf 87' lang='lat' dir='ltr'><strong>ruunt</strong></span> <span class='ocrx_word' id='word_1_152' title='bbox 334 3344 445 3398; x_wconf 87' lang='lat' dir='ltr'><strong>omues</strong></span> <span class='ocrx_word' id='word_1_153' title='bbox 468 3347 540 3393; x_wconf 88' lang='lat' dir='ltr'><strong>oum</strong></span> <span class='ocrx_word' id='word_1_154' title='bbox 563 3329 700 3413; x_wconf 81' lang='lat' dir='ltr'><strong>gaudio,</strong></span> 
     </span>
    </p>

    <p class='ocr_par' dir='ltr' id='par_1_23' title="bbox 214 3431 641 3619">
     <span class='ocr_line' id='line_1_41' title="bbox 214 3431 638 3515; baseline 0.012 -21"><span class='ocrx_word' id='word_1_155' title='bbox 214 3431 275 3496; x_wconf 86' lang='lat' dir='ltr'><strong>sed</strong></span> <span class='ocrx_word' id='word_1_156' title='bbox 297 3431 348 3493; x_wconf 87' lang='lat' dir='ltr'><strong>vir</strong></span> <span class='ocrx_word' id='word_1_157' title='bbox 371 3431 425 3495; x_wconf 88' lang='lat' dir='ltr'><strong>dei</strong></span> <span class='ocrx_word' id='word_1_158' title='bbox 445 3452 516 3515; x_wconf 87' lang='lat' dir='ltr'><strong>prae</strong></span> <span class='ocrx_word' id='word_1_159' title='bbox 538 3434 638 3499; x_wconf 85' lang='lat' dir='ltr'><strong>taedio</strong></span> 
     </span>
     <span class='ocr_line' id='line_1_42' title="bbox 241 3534 641 3619; baseline 0.008 -22"><span class='ocrx_word' id='word_1_160' title='bbox 241 3534 365 3606; x_wconf 76' lang='lat' dir='ltr'><strong>¹fessus</strong></span> <span class='ocrx_word' id='word_1_161' title='bbox 387 3535 503 3619; x_wconf 77' lang='lat' dir='ltr'><strong>linquit</strong></span> <span class='ocrx_word' id='word_1_162' title='bbox 524 3539 641 3603; x_wconf 85' lang='lat' dir='ltr'><strong>omnia.</strong></span> 
     </span>
    </p>
   </div>
   <div class='ocr_carea' id='block_1_18' title="bbox 210 3748 839 4351">
    <p class='ocr_par' dir='ltr' id='par_1_24' title="bbox 210 3748 839 4351">
     <span class='ocr_line' id='line_1_43' title="bbox 212 3748 839 3833; baseline -0.006 -15"><span class='ocrx_word' id='word_1_163' title='bbox 212 3748 295 3818; x_wconf 84' lang='lat' dir='ltr'><strong>Inde</strong></span> <span class='ocrx_word' id='word_1_164' title='bbox 317 3750 432 3814; x_wconf 86' lang='lat' dir='ltr'><strong>transit</strong></span> <span class='ocrx_word' id='word_1_165' title='bbox 453 3750 496 3814; x_wconf 90' lang='lat' dir='ltr'><strong>ad</strong></span> <span class='ocrx_word' id='word_1_166' title='bbox 519 3749 665 3833; x_wconf 86' lang='lat' dir='ltr'><strong>deserta,</strong></span> <span class='ocrx_word' id='word_1_167' title='bbox 797 3751 839 3814; x_wconf 73' lang='lat' dir='ltr'><strong>to</strong></span> 
     </span>
     <span class='ocr_line' id='line_1_44' title="bbox 214 3853 751 3935; baseline 0 -18"><span class='ocrx_word' id='word_1_168' title='bbox 214 3853 310 3917; x_wconf 89' lang='lat' dir='ltr'><strong>deum</strong></span> <span class='ocrx_word' id='word_1_169' title='bbox 333 3871 473 3935; x_wconf 88' lang='lat' dir='ltr'><strong>sequens</strong></span> <span class='ocrx_word' id='word_1_170' title='bbox 495 3853 561 3918; x_wconf 84' lang='lat' dir='ltr'><strong>fide</strong></span> <span class='ocrx_word' id='word_1_171' title='bbox 584 3859 675 3919; x_wconf 87' lang='lat' dir='ltr'><strong>oerta</strong></span> <span class='ocrx_word' id='word_1_172' title='bbox 748 3865 751 3869; x_wconf 85' lang='grc'><strong>’</strong></span> 
     </span>
     <span class='ocr_line' id='line_1_45' title="bbox 244 3956 564 4038; baseline -0.003 -17"><span class='ocrx_word' id='word_1_173' title='bbox 244 3956 341 4038; x_wconf 76' lang='lat' dir='ltr'><strong>,fugit</strong></span> <span class='ocrx_word' id='word_1_174' title='bbox 363 3957 564 4038; x_wconf 86' lang='lat' dir='ltr'><strong>transitoria,</strong></span> 
     </span>
     <span class='ocr_line' id='line_1_46' title="bbox 211 4059 686 4124; baseline -0.008 0"><span class='ocrx_word' id='word_1_175' title='bbox 211 4060 315 4124; x_wconf 85' lang='lat' dir='ltr'><strong>lustra</strong></span> <span class='ocrx_word' id='word_1_176' title='bbox 337 4065 446 4124; x_wconf 88' lang='lat' dir='ltr'><strong>terens</strong></span> <span class='ocrx_word' id='word_1_177' title='bbox 468 4059 521 4123; x_wconf 88' lang='lat' dir='ltr'><strong>hio</strong></span> <span class='ocrx_word' id='word_1_178' title='bbox 543 4061 686 4122; x_wconf 88' lang='lat' dir='ltr'><strong>ferarum</strong></span> 
     </span>
     <span class='ocr_line' id='line_1_47' title="bbox 210 4160 709 4244; baseline 0 -18"><span class='ocrx_word' id='word_1_179' title='bbox 210 4179 277 4226; x_wconf 86' lang='lat' dir='ltr'><strong>uon</strong></span> <span class='ocrx_word' id='word_1_180' title='bbox 300 4160 461 4229; x_wconf 85' lang='lat' dir='ltr'><strong>horrescit</strong></span> <span class='ocrx_word' id='word_1_181' title='bbox 482 4161 548 4226; x_wconf 81' lang='lat' dir='ltr'><strong>vim</strong></span> <span class='ocrx_word' id='word_1_182' title='bbox 571 4181 681 4231; x_wconf 89' lang='lat' dir='ltr'><strong>earum</strong></span> <span class='ocrx_word' id='word_1_183' title='bbox 687 4209 709 4244; x_wconf 53' lang='lat'><strong>‚‚</strong></span> 
     </span>
     <span class='ocr_line' id='line_1_48' title="bbox 254 4264 837 4351; baseline 0.003 -23"><span class='ocrx_word' id='word_1_184' title='bbox 254 4264 349 4328; x_wconf 80' lang='lat' dir='ltr'><strong>sedat</strong></span> <span class='ocrx_word' id='word_1_185' title='bbox 371 4283 508 4351; x_wconf 83' lang='lat' dir='ltr'><strong>quaeque</strong></span> <span class='ocrx_word' id='word_1_186' title='bbox 530 4265 637 4329; x_wconf 88' lang='lat' dir='ltr'><strong>noxia.</strong></span> <span class='ocrx_word' id='word_1_187' title='bbox 795 4269 837 4332; x_wconf 77' lang='lat'><strong>45</strong></span> 
     </span>
    </p>
   </div>
   <div class='ocr_carea' id='block_1_19' title="bbox 206 4471 627 4773">
    <p class='ocr_par' dir='ltr' id='par_1_25' title="bbox 206 4471 627 4773">
     <span class='ocr_line' id='line_1_49' title="bbox 209 4471 627 4560; baseline 0.007 -20"><span class='ocrx_word' id='word_1_188' title='bbox 209 4471 311 4540; x_wconf 85' lang='lat' dir='ltr'><strong>Manu</strong></span> <span class='ocrx_word' id='word_1_189' title='bbox 332 4489 392 4538; x_wconf 85' lang='lat' dir='ltr'><strong>sua</strong></span> <span class='ocrx_word' id='word_1_190' title='bbox 414 4473 511 4541; x_wconf 89' lang='lat' dir='ltr'><strong>eomit</strong></span> <span class='ocrx_word' id='word_1_191' title='bbox 533 4494 627 4560; x_wconf 87' lang='lat' dir='ltr'><strong>aves,</strong></span> 
     </span>
     <span class='ocr_line' id='line_1_50' title="bbox 206 4575 600 4660; baseline 0.005 -18"><span class='ocrx_word' id='word_1_192' title='bbox 206 4577 272 4642; x_wconf 85' lang='lat' dir='ltr'><strong>ieri</strong></span> <span class='ocrx_word' id='word_1_193' title='bbox 289 4576 358 4660; x_wconf 89' lang='lat' dir='ltr'><strong>lupi</strong></span> <span class='ocrx_word' id='word_1_194' title='bbox 377 4575 458 4642; x_wconf 90' lang='lat' dir='ltr'><strong>fiunt</strong></span> <span class='ocrx_word' id='word_1_195' title='bbox 481 4598 600 4654; x_wconf 82' lang='lat' dir='ltr'><strong>suaves</strong></span> 
     </span>
     <span class='ocr_line' id='line_1_51' title="bbox 251 4679 593 4773; baseline 0.012 -26"><span class='ocrx_word' id='word_1_196' title='bbox 251 4679 286 4747; x_wconf 88' lang='lat' dir='ltr'><strong>in</strong></span> <span class='ocrx_word' id='word_1_197' title='bbox 310 4679 382 4770; x_wconf 84' lang='lat' dir='ltr'><strong>ejus</strong></span> <span class='ocrx_word' id='word_1_198' title='bbox 404 4683 593 4773; x_wconf 59' lang='lat' dir='ltr'><strong>praesentim</strong></span> 
     </span>
    </p>
   </div>
   <div class='ocr_carea' id='block_1_20' title="bbox 898 2324 1596 2626">
    <p class='ocr_par' dir='ltr' id='par_1_26' title="bbox 898 2324 1596 2626">
     <span class='ocr_line' id='line_1_52' title="bbox 898 2324 1316 2414; baseline 0.017 -28"><span class='ocrx_word' id='word_1_199' title='bbox 898 2325 1074 2389; x_wconf 89' lang='lat' dir='ltr'><strong>revertenti</strong></span> <span class='ocrx_word' id='word_1_200' title='bbox 1095 2324 1316 2414; x_wconf 78' lang='lat' dir='ltr'><strong>praeseutatur</strong></span> 
     </span>
     <span class='ocr_line' id='line_1_53' title="bbox 899 2419 1428 2514; baseline 0.023 -26"><span class='ocrx_word' id='word_1_201' title='bbox 899 2425 1048 2508; x_wconf 86' lang='lat' dir='ltr'><strong>quaedam</strong></span> <span class='ocrx_word' id='word_1_202' title='bbox 1072 2445 1176 2514; x_wconf 86' lang='lat' dir='ltr'><strong>eaeea,</strong></span> <span class='ocrx_word' id='word_1_203' title='bbox 1198 2451 1273 2512; x_wconf 86' lang='lat' dir='ltr'><strong>quae</strong></span> <span class='ocrx_word' id='word_1_204' title='bbox 1295 2419 1428 2500; x_wconf 84' lang='lat' dir='ltr'><strong>sanatur</strong></span> 
     </span>
     <span class='ocr_line' id='line_1_54' title="bbox 940 2532 1596 2626; baseline 0.023 -33"><span class='ocrx_word' id='word_1_205' title='bbox 940 2548 1040 2612; x_wconf 75' lang='lat' dir='ltr'><strong>prece</strong></span> <span class='ocrx_word' id='word_1_206' title='bbox 1062 2532 1124 2597; x_wconf 88' lang='lat' dir='ltr'><strong>viri</strong></span> <span class='ocrx_word' id='word_1_207' title='bbox 1145 2535 1279 2626; x_wconf 63' lang='lat' dir='ltr'><strong>praevia.</strong></span> <span class='ocrx_word' id='word_1_208' title='bbox 1403 2580 1405 2584; x_wconf 92' lang='lat'><em>-</em></span> <span class='ocrx_word' id='word_1_209' title='bbox 1481 2544 1525 2606; x_wconf 76' lang='lat'><strong>65</strong></span> <span class='ocrx_word' id='word_1_210' title='bbox 1592 2551 1596 2558; x_wconf 87' lang='lat'>&#39;</span> 
     </span>
    </p>
   </div>
   <div class='ocr_carea' id='block_1_21' title="bbox 816 2765 1324 2839">
    <p class='ocr_par' dir='ltr' id='par_1_27' title="bbox 816 2765 1324 2839">
     <span class='ocr_line' id='line_1_55' title="bbox 816 2765 1324 2839; baseline 0.02 -10"><span class='ocrx_word' id='word_1_211' title='bbox 816 2767 822 2776; x_wconf 86' lang='lat'>&#39;</span> <span class='ocrx_word' id='word_1_212' title='bbox 891 2765 957 2831; x_wconf 69' lang='lat' dir='ltr'><strong>‘Hie</strong></span> <span class='ocrx_word' id='word_1_213' title='bbox 979 2787 1131 2834; x_wconf 88' lang='lat' dir='ltr'><strong>reversus</strong></span> <span class='ocrx_word' id='word_1_214' title='bbox 1155 2771 1198 2836; x_wconf 89' lang='lat' dir='ltr'><strong>ad</strong></span> <span class='ocrx_word' id='word_1_215' title='bbox 1221 2775 1324 2839; x_wconf 86' lang='lat' dir='ltr'><strong>altare</strong></span> 
     </span>
    </p>
   </div>
   <div class='ocr_carea' id='block_1_22' title="bbox 896 2871 1394 3160">
    <p class='ocr_par' dir='ltr' id='par_1_28' title="bbox 896 2871 1394 3160">
     <span class='ocr_line' id='line_1_56' title="bbox 896 2871 1394 2944; baseline 0.026 -12"><span class='ocrx_word' id='word_1_216' title='bbox 896 2876 986 2934; x_wconf 83' lang='lat' dir='ltr'><strong>stans</strong></span> <span class='ocrx_word' id='word_1_217' title='bbox 1008 2879 1041 2936; x_wconf 90' lang='lat' dir='ltr'><strong>et</strong></span> <span class='ocrx_word' id='word_1_218' title='bbox 1063 2871 1186 2940; x_wconf 86' lang='lat' dir='ltr'><strong>debens</strong></span> <span class='ocrx_word' id='word_1_219' title='bbox 1211 2878 1394 2944; x_wconf 79' lang='lat' dir='ltr'><strong>celebrare·</strong></span> 
     </span>
     <span class='ocr_line' id='line_1_57' title="bbox 897 2973 1365 3047; baseline 0.024 -11"><span class='ocrx_word' id='word_1_220' title='bbox 897 2973 1045 3039; x_wconf 82' lang='lat' dir='ltr'><strong>dextram</strong></span> <span class='ocrx_word' id='word_1_221' title='bbox 1066 2977 1148 3040; x_wconf 81' lang='lat' dir='ltr'><strong>vidit</strong></span> <span class='ocrx_word' id='word_1_222' title='bbox 1170 2996 1365 3047; x_wconf 80' lang='lat' dir='ltr'><strong>consecrare</strong></span> 
     </span>
     <span class='ocr_line' id='line_1_58' title="bbox 938 3080 1287 3160; baseline 0.02 -19"><span class='ocrx_word' id='word_1_223' title='bbox 938 3080 1149 3160; x_wconf 77' lang='lat' dir='ltr'><strong>gubernantis</strong></span> <span class='ocrx_word' id='word_1_224' title='bbox 1173 3085 1287 3150; x_wconf 88' lang='lat' dir='ltr'><strong>omnia.</strong></span> 
     </span>
    </p>
   </div>
   <div class='ocr_carea' id='block_1_23' title="bbox 894 3265 1521 3405">
    <p class='ocr_par' dir='ltr' id='par_1_29' title="bbox 894 3265 1521 3405">
     <span class='ocr_line' id='line_1_59' title="bbox 894 3265 1521 3405; baseline 0.03 -34"><span class='ocrx_word' id='word_1_225' title='bbox 894 3265 1033 3374; x_wconf 77' lang='lat' dir='ltr'><strong>Clausus</strong></span> <span class='ocrx_word' id='word_1_226' title='bbox 1055 3313 1185 3378; x_wconf 90' lang='lat' dir='ltr'><strong>taudem</strong></span> <span class='ocrx_word' id='word_1_227' title='bbox 1207 3316 1240 3380; x_wconf 87' lang='lat' dir='ltr'><strong>in</strong></span> <span class='ocrx_word' id='word_1_228' title='bbox 1262 3321 1398 3405; x_wconf 88' lang='lat' dir='ltr'><strong>tumulo,</strong></span> <span class='ocrx_word' id='word_1_229' title='bbox 1478 3327 1521 3390; x_wconf 74' lang='lat'><strong>⁷0</strong></span> 
     </span>
    </p>
   </div>
   <div class='ocr_carea' id='block_1_24' title="bbox 794 3417 1312 3506">
    <p class='ocr_par' dir='ltr' id='par_1_30' title="bbox 794 3417 1312 3506">
     <span class='ocr_line' id='line_1_60' title="bbox 794 3417 1312 3506; baseline 0.025 -33"><span class='ocrx_word' id='word_1_230' title='bbox 794 3497 799 3506; x_wconf 23' lang='lat'>⁸</span> <span class='ocrx_word' id='word_1_231' title='bbox 893 3422 1032 3495; x_wconf 89' lang='lat' dir='ltr'><strong>quantus</strong></span> <span class='ocrx_word' id='word_1_232' title='bbox 1053 3417 1112 3481; x_wconf 86' lang='lat' dir='ltr'><strong>fuit</strong></span> <span class='ocrx_word' id='word_1_233' title='bbox 1130 3420 1161 3482; x_wconf 90' lang='lat' dir='ltr'><strong>in</strong></span> <span class='ocrx_word' id='word_1_234' title='bbox 1181 3422 1312 3504; x_wconf 73' lang='lat' dir='ltr'><strong>saeuum,</strong></span> 
     </span>
    </p>
   </div>
   <div class='ocr_carea' id='block_1_25' title="bbox 892 3517 1474 3816">
    <p class='ocr_par' dir='ltr' id='par_1_31' title="bbox 892 3517 1474 3816">
     <span class='ocr_line' id='line_1_61' title="bbox 936 3517 1252 3606; baseline 0.028 -26"><span class='ocrx_word' id='word_1_235' title='bbox 936 3517 1004 3582; x_wconf 87' lang='lat' dir='ltr'><strong>vita</strong></span> <span class='ocrx_word' id='word_1_236' title='bbox 1026 3519 1089 3582; x_wconf 89' lang='lat' dir='ltr'><strong>viri</strong></span> <span class='ocrx_word' id='word_1_237' title='bbox 1107 3523 1252 3606; x_wconf 82' lang='lat' dir='ltr'><strong>conseia3</strong></span> 
     </span>
     <span class='ocr_line' id='line_1_62' title="bbox 892 3624 1474 3716; baseline 0.024 -35"><span class='ocrx_word' id='word_1_238' title='bbox 892 3636 989 3700; x_wconf 80' lang='lat' dir='ltr'><strong>quam</strong></span> <span class='ocrx_word' id='word_1_239' title='bbox 1011 3639 1082 3684; x_wconf 89' lang='lat' dir='ltr'><strong>eum</strong></span> <span class='ocrx_word' id='word_1_240' title='bbox 1106 3624 1190 3687; x_wconf 90' lang='lat' dir='ltr'><strong>male</strong></span> <span class='ocrx_word' id='word_1_241' title='bbox 1213 3625 1279 3690; x_wconf 86' lang='lat' dir='ltr'><strong>dux</strong></span> <span class='ocrx_word' id='word_1_242' title='bbox 1300 3637 1474 3716; x_wconf 82' lang='lat' dir='ltr'><strong>serutatur,</strong></span> 
     </span>
     <span class='ocr_line' id='line_1_63' title="bbox 892 3720 1472 3816; baseline 0.029 -33"><span class='ocrx_word' id='word_1_243' title='bbox 892 3720 966 3785; x_wconf 89' lang='lat' dir='ltr'><strong>dum</strong></span> <span class='ocrx_word' id='word_1_244' title='bbox 990 3729 1151 3810; x_wconf 71' lang='lat' dir='ltr'><strong>superbit,</strong></span> <span class='ocrx_word' id='word_1_245' title='bbox 1175 3729 1248 3794; x_wconf 85' lang='lat' dir='ltr'><strong>dum</strong></span> <span class='ocrx_word' id='word_1_246' title='bbox 1271 3733 1416 3816; x_wconf 85' lang='lat' dir='ltr'><strong>inflatur,</strong></span> <span class='ocrx_word' id='word_1_247' title='bbox 1470 3749 1472 3756; x_wconf 89' lang='grc'><strong>’</strong></span> 
     </span>
    </p>
   </div>
   <div class='ocr_carea' id='block_1_26' title="bbox 894 3829 1518 4103">
    <p class='ocr_par' dir='ltr' id='par_1_32' title="bbox 894 3829 1518 4103">
     <span class='ocr_line' id='line_1_64' title="bbox 894 3829 1518 3920; baseline 0.029 -33"><span class='ocrx_word' id='word_1_248' title='bbox 894 3829 1008 3891; x_wconf 91' lang='lat' dir='ltr'><strong>morbo</strong></span> <span class='ocrx_word' id='word_1_249' title='bbox 1030 3833 1114 3914; x_wconf 85' lang='lat' dir='ltr'><strong>turpi</strong></span> <span class='ocrx_word' id='word_1_250' title='bbox 1139 3834 1387 3920; x_wconf 83' lang='lat' dir='ltr'><strong>condemnatur,</strong></span> <span class='ocrx_word' id='word_1_251' title='bbox 1476 3843 1518 3905; x_wconf 75' lang='lat'><strong>75</strong></span> 
     </span>
     <span class='ocr_line' id='line_1_65' title="bbox 894 3927 1271 4026; baseline 0.029 -36"><span class='ocrx_word' id='word_1_252' title='bbox 894 3927 943 4026; x_wconf 88' lang='lat' dir='ltr'><strong>sio</strong></span> <span class='ocrx_word' id='word_1_253' title='bbox 964 3948 984 3993; x_wconf 84' lang='lat' dir='ltr'><strong>a</strong></span> <span class='ocrx_word' id='word_1_254' title='bbox 1007 3929 1069 4023; x_wconf 80' lang='lat' dir='ltr'><strong>deo</strong></span> <span class='ocrx_word' id='word_1_255' title='bbox 1093 3935 1271 4017; x_wconf 79' lang='lat' dir='ltr'><strong>castigatur</strong></span> 
     </span>
     <span class='ocr_line' id='line_1_66' title="bbox 914 4027 1226 4103; baseline 0.019 -7"><span class='ocrx_word' id='word_1_256' title='bbox 914 4027 916 4032; x_wconf 74' lang='grc'><strong>’</strong></span> <span class='ocrx_word' id='word_1_257' title='bbox 935 4031 1071 4098; x_wconf 87' lang='lat' dir='ltr'><strong>furentis</strong></span> <span class='ocrx_word' id='word_1_258' title='bbox 1093 4037 1226 4103; x_wconf 79' lang='lat' dir='ltr'><strong>insania.</strong></span> 
     </span>
    </p>
   </div>
   <div class='ocr_carea' id='block_1_27' title="bbox 885 4261 1518 4775">
    <p class='ocr_par' dir='ltr' id='par_1_33' title="bbox 893 4261 1361 4362">
     <span class='ocr_line' id='line_1_67' title="bbox 893 4261 1361 4362; baseline 0.03 -27"><span class='ocrx_word' id='word_1_259' title='bbox 893 4269 1098 4340; x_wconf 69' lang='lat' dir='ltr'><strong>confessoris</strong></span> <span class='ocrx_word' id='word_1_260' title='bbox 1122 4280 1241 4362; x_wconf 88' lang='lat' dir='ltr'><strong>oratio,</strong></span> <span class='ocrx_word' id='word_1_261' title='bbox 1354 4261 1361 4268; x_wconf 36' lang='lat'><strong><em>¹</em></strong></span> 
     </span>
    </p>

    <p class='ocr_par' dir='ltr' id='par_1_34' title="bbox 891 4375 1299 4473">
     <span class='ocr_line' id='line_1_68' title="bbox 891 4375 1299 4473; baseline 0.02 -33"><span class='ocrx_word' id='word_1_262' title='bbox 891 4375 984 4473; x_wconf 66' lang='lat' dir='ltr'><strong>eujus</strong></span> <span class='ocrx_word' id='word_1_263' title='bbox 1007 4378 1067 4444; x_wconf 86' lang='lat' dir='ltr'><strong>fuit</strong></span> <span class='ocrx_word' id='word_1_264' title='bbox 1088 4379 1161 4446; x_wconf 87' lang='lat' dir='ltr'><strong>haeo</strong></span> <span class='ocrx_word' id='word_1_265' title='bbox 1183 4381 1299 4466; x_wconf 82' lang='lat' dir='ltr'><strong>ultio,¹</strong></span> 
     </span>
    </p>

    <p class='ocr_par' dir='ltr' id='par_1_35' title="bbox 889 4489 1518 4568">
     <span class='ocr_line' id='line_1_69' title="bbox 889 4489 1518 4568; baseline 0.035 -25"><span class='ocrx_word' id='word_1_266' title='bbox 889 4497 950 4544; x_wconf 84' lang='lat' dir='ltr'><strong>uos</strong></span> <span class='ocrx_word' id='word_1_267' title='bbox 973 4491 1165 4566; x_wconf 81' lang='lat' dir='ltr'><strong>sauotorum</strong></span> <span class='ocrx_word' id='word_1_268' title='bbox 1180 4489 1344 4568; x_wconf 79' lang='lat' dir='ltr'><strong>consortio</strong></span> <span class='ocrx_word' id='word_1_269' title='bbox 1473 4495 1518 4566; x_wconf 82' lang='lat'><strong>80</strong></span> 
     </span>
    </p>

    <p class='ocr_par' dir='ltr' id='par_1_36' title="bbox 885 4580 1410 4775">
     <span class='ocr_line' id='line_1_70' title="bbox 885 4580 1410 4678; baseline 0.021 -30"><span class='ocrx_word' id='word_1_270' title='bbox 885 4580 1019 4668; x_wconf 82' lang='lat' dir='ltr'><strong>jungat,</strong></span> <span class='ocrx_word' id='word_1_271' title='bbox 1044 4583 1178 4678; x_wconf 74' lang='lat' dir='ltr'><strong>„ameu“</strong></span> <span class='ocrx_word' id='word_1_272' title='bbox 1201 4588 1274 4657; x_wconf 87' lang='lat' dir='ltr'><strong>haee</strong></span> <span class='ocrx_word' id='word_1_273' title='bbox 1296 4593 1410 4660; x_wconf 88' lang='lat' dir='ltr'><strong>ooueio</strong></span> 
     </span>
     <span class='ocr_line' id='line_1_71' title="bbox 933 4693 1281 4775; baseline 0.037 -25"><span class='ocrx_word' id='word_1_274' title='bbox 933 4696 1028 4756; x_wconf 80' lang='lat' dir='ltr'><strong>sonet</strong></span> <span class='ocrx_word' id='word_1_275' title='bbox 1050 4708 1122 4772; x_wconf 88' lang='lat' dir='ltr'><strong>eum</strong></span> <span class='ocrx_word' id='word_1_276' title='bbox 1143 4693 1281 4775; x_wconf 61' lang='lat' dir='ltr'><strong>laetitia„</strong></span> 
     </span>
    </p>
   </div>
   <div class='ocr_carea' id='block_1_28' title="bbox 0 0 1668 5322">
    <p class='ocr_par' dir='ltr' id='par_1_37' title="bbox 0 0 1668 5322">
     <span class='ocr_line' id='line_1_72' title="bbox 0 0 1668 5322; baseline 0 5"><span class='ocrx_word' id='word_1_277' title='bbox 0 0 1668 5322; x_wconf 95' lang='lat' dir='ltr'><strong> </strong></span> 
     </span>
    </p>
   </div>
  </div>
 </body>
</html>
