3294 5322
176 549 355 616 Pastoralis
378 549 465 616 dono
486 570 574 618 ourae

177 652 383 736 dispensator
405 654 442 717 fit
463 673 624 720 mensnrae

218 754 317 818 tritici
339 755 538 837 benevolus,
644 833 646 838 Ι

175 875 255 923 euro
278 858 362 922 lecit.
377 860 537 943 effulgere

175 981 258 1026 vasa
280 963 407 1045 templi,
432 982 505 1045 quoe
527 965 619 1029 suere

218 1081 301 1126 vasa
324 1065 544 1148 contumeliae,

177 1165 250 1230 dnm
274 1169 433 1232 convertit
455 1172 497 1234 ab
521 1187 634 1233 errore

171 1265 370 1332 Pomeranos
394 1277 426 1332 et
449 1271 601 1352 squalore

218 1378 348 1458 gentilis
370 1377 525 1461 perfidiae.

174 1555 269 1622 Seori
291 1561 384 1628 verbi
407 1563 596 1627 rudimentis

173 1660 279 1742 polles
301 1661 492 1729 Pomeranae
515 1665 621 1748 gentis

216 1763 330 1830 doctor
353 1773 386 1830 et
409 1768 576 1850 apostolos

172 1862 262 1948 0tt0‚
283 1869 423 1950 prodens
444 1875 473 1934 ct
492 1868 593 1950 fidelis

171 1969 380 2051 dispensator,
403 1975 457 2054 qui
478 1975 512 2037 io
534 1973 618 2037 culis

138 2135 140 2140 .
212 2078 296 2140 certo
318 2078 436 2156 condes
459 2075 561 2156 titulo,

1409 377 1475 445 m

794 579 797 584 ·
852 559 906 624 odi
925 557 1035 642 [ruens
1057 561 1199 628 celibatu

756 658 798 722 20
836 679 909 728 -nos
931 663 1075 730 absolvas
1097 684 1118 730 u
1140 671 1230 733 rento
1432 669 1474 732 ³⁵

892 770 1003 832 mortis
1025 774 1055 833 et
1072 771 1220 851 mocio.

851 1003 993 1070 'landem
1016 1016 1118 1072 morte
1142 1009 1332 1091 dissolutus,

849 1110 933 1186 mole
956 1112 1062 1174 carnis
1086 1131 1122 1174 es
1145 1121 1276 1194 exutus,

850 1213 900 1278 sic
922 1214 958 1277 in
979 1234 1115 1298 regnum
1138 1218 1342 1300 constitutus,

850 1316 898 1383 sic
921 1333 1072 1382 coronam
1096 1326 1262 1385 assecutus
1429 1321 1470 1386 lo

890 1420 1007 1502 gloriae
1030 1421 1176 1488 feliciter.

848 1658 992 1743 Christe,
1015 1661 1088 1747 lons
1113 1661 1309 1744 dilectionis,

753 1769 794 1832 30
848 1763 902 1845 qui
924 1765 1071 1847 probasti
1094 1781 1151 1828 cor
1174 1761 1299 1828 Ottonis
1355 1855 1357 1858 Ι

743 1868 1323 1963 -ψωωωᾘ

848 1971 1033 2054 repleamur
1055 1980 1090 2038 ut
1112 1975 1143 2037 in
1167 1974 1260 2038 bonis
1375 2015 1377 2020 -
1426 1974 1468 2036 45

890 2074 1003 2141 domos
1028 2084 1091 2142 tuae
1110 2077 1243 2160 jugiter.

256 2255 304 2310 lls.
330 2274 366 2311 zu
394 2257 424 2313 S.
449 2258 522 2312 Paul
548 2247 576 2314 in
604 2261 730 2314 lliirnten
762 2258 816 2313 No.
841 2259 883 2312 l&
916 2259 949 2310 15
968 2258 1067 2312 Jahrh.
1113 2257 1164 2312 Die
1183 2259 1278 2313 cursiv
1296 2258 1469 2329 gedrnckten

168 2341 279 2397 Stellen
306 2344 369 2398 sind
395 2361 445 2399 aus
470 2346 531 2399 dem
555 2346 741 2416 allgemeinen
758 2345 843 2400 liede
867 2342 921 2399 auf
940 2344 984 2398 die
1004 2345 1152 2399 Belenner
1170 2345 1303 2400 entlehnt
1339 2347 1391 2402 No.
1407 2348 1468 2401 sto.

167 2429 231 2484 llan
251 2430 356 2486 ersieht
373 2448 409 2486 an
428 2431 533 2486 diesem
542 2433 691 2503 Beispiele‚
710 2433 766 2486 wie
787 2432 831 2487 die
849 2431 1036 2503 allgemeinen
1050 2433 1176 2504 Hymnen
1195 2429 1249 2487 auf
1262 2431 1306 2486 die
1324 2432 1469 2490 einzelnen

167 2515 298 2587 Heiligen
316 2519 488 2589 angewandt
500 2520 630 2600 *worden

253 2639 405 2710 sepeliet,
423 2641 470 2714 ils.
506 2643 541 2695 33
560 2642 694 2712 gaudens,
714 2642 762 2696 lls.
797 2641 833 2696 38
851 2644 907 2710 est,
926 2641 972 2695 Hs.

512 2925 621 3000 1115.
661 2927 718 2998 De
745 2953 772 2999 s.
798 2923 940 2998 Ottone.
969 2923 1128 3023 hymnus.

133 3147 137 3154 '
166 3130 247 3195 llaec
270 3129 340 3193 dies
363 3129 502 3194 celebris

169 3253 289 3316 magna
312 3232 368 3297 dat
388 3233 525 3315 gaudia,

147 3337 198 3404 ¹in
221 3353 284 3416 qua
306 3335 490 3418 praecipuus
607 3381 609 3390 .

166 3439 288 3522 praesul
312 3445 363 3501 ost
385 3437 513 3502 additus

167 3551 353 3608 sanctorum
376 3558 509 3605 numero

165 3645 319 3728 egregius
343 3643 433 3726 0tt0‚
482 3662 497 3708 ·.

164 3754 201 3812 ut
223 3765 303 3812 euro
321 3747 428 3831 jaspis
452 3748 583 3831 optimo.

163 3934 317 4016 Pergenti
340 3935 465 4024 homini

164 4034 284 4098 tradita
307 4036 422 4118 coluit,

164 4153 238 4197 num
260 4138 455 4218 monasteria

164 4236 309 4302 condidit
330 4238 483 4321 plurima',

162 4357 300 4403 reverso
325 4339 453 4404 domino
497 4380 501 4386 -

164 4443 233 4505 sine
257 4439 428 4524 dispendio

162 4562 267 4608 mnam
291 4542 364 4607 tulit
386 4557 476 4606 more
501 4539 649 4626 decuplo.
742 4589 745 4596 .

163 4733 190 4799 0
214 4735 294 4802 felix
315 4733 455 4820 Suesia,

844 3131 937 3216 cujus
961 3152 1002 3196 ex
1026 3133 1126 3196 ubere

843 3237 1004 3321 processit
1027 3235 1152 3300 coelitus

843 3339 969 3402 luminis
993 3338 1120 3418 radius,
1150 3354 1154 3362 ·

842 3441 897 3522 qui
919 3440 1006 3503 lucet
1028 3440 1174 3504 omnibns

844 3543 948 3625 clere,
972 3543 1030 3607 sed
1053 3544 1171 3607 clarius
1423 3544 1465 3608 20

842 3647 875 3710 in
898 3645 1028 3710 Christo
1052 3645 1304 3711 comedentibus.

843 3835 907 3900 Per
930 3838 1032 3901 verba
1054 3835 1205 3919 praesulis

843 3939 980 4006 credidit
1003 3937 1135 4019 Slavia,
1267 3923 1270 3930 ’

842 4063 1002 4107 venenum
1024 4062 1190 4126 evomens,

843 4146 957 4210 coelica
980 4146 1136 4227 glutiens,
1247 4165 1249 4172 ·

828 4249 935 4332 ,plebs
958 4247 1168 4311 Pomeranioa

843 4348 974 4414 Christo
997 4358 1047 4414 est
1069 4349 1196 4416 reddito

842 4452 882 4516 de
906 4452 1068 4518 drachmis
1092 4452 1204 4517 decem
1227 4453 1365 4537 perdite

842 4640 868 4706 0
893 4643 992 4708 decus
1014 4644 1209 4727 praesulum,

749 4739 788 4802 15
843 4742 988 4828 Christe,
1012 4763 1072 4810 nos
1094 4745 1216 4828 adjuva
1423 4747 1464 4812 dd
