3308 5310
247 336 290 401 38

335 519 383 574 ils.
402 537 435 572 zu
456 519 611 575 Kurlsruhe
631 537 656 574 n.
675 519 728 574 Nn.
749 522 782 573 11
799 521 897 575 Jahrb.
917 521 959 574 Bl.
978 522 1020 574 31,
1047 520 1098 575 mit
1115 520 1165 574 der
1182 518 1301 575 illelodie
1327 521 1393 590 (K).
1428 520 1476 577 ils.
1495 522 1548 576 der

250 607 371 662 ambros.
395 604 558 662 Bibliothek
581 624 616 662 uu
634 606 772 674 Mailand,
795 606 837 674 Μ,
858 610 893 661 25
917 606 1135 662 des15Jalnrh.
1161 607 1228 676 (ll).
1267 607 1318 662 Bai
1335 608 1432 665 Daniel
1449 613 1472 680 1,
1494 611 1547 664 100

247 695 322 748 steht
343 695 416 748 noch
434 690 568 764 fulgenda
587 693 838 763 Schlussstrophe:

316 781 354 836 sit
372 781 493 836 trinitati
511 781 629 835 maxima
647 780 757 852 gloria,
898 780 936 834 sit
953 777 1091 836 fortitude
1111 797 1144 836 aa
1162 779 1369 852 magnificentia

313 871 376 926 laus
395 877 424 926 et
441 877 569 942 potestas
588 878 617 927 et
635 871 789 942 sapientia,
898 871 945 924 uni
964 872 1016 927 deo
1035 889 1086 942 per
1104 873 1190 927 saecla
1208 875 1350 942 perennia.

332 1010 501 1065 aelaudere
520 1007 593 1064 lenit
609 1010 644 1077 Μ,
663 1009 773 1064 nescius
792 1008 825 1063 K.
862 1008 976 1062 derilis
994 1003 1030 1063 m.
1075 1009 1219 1082 inegiam
1238 1011 1271 1064 K
1308 1011 1495 1066 &claustrum
1514 1012 1547 1064 li.

245 1098 281 1150 26
299 1111 402 1166 seuque
420 1095 520 1152 funere
538 1097 573 1152 Μ.
609 1097 644 1151 28
662 1097 768 1166 repleri
786 1097 821 1150 Μ.
856 1098 891 1150 29
911 1095 977 1150 dant
995 1097 1026 1150 K
1062 1098 1099 1150 30
1116 1097 1228 1152 tradere
1246 1097 1280 1152 m.
1307 1100 1335 1153 Μ
1349 1095 1546 1169 hatlulgende

245 1182 405 1253 annologio
425 1185 498 1238 olune
516 1183 676 1236 Versmass:
703 1182 802 1238 Gloria
822 1183 875 1236 tibi
893 1183 977 1252 patri,
996 1181 1091 1254 gloria
1108 1183 1253 1254 unigenito
1274 1198 1333 1238 cum
1351 1186 1461 1254 spiritu.
1488 1186 1546 1240 Das

246 1271 395 1325 Versmass
413 1271 450 1325 ist
468 1287 518 1324 aus
539 1271 589 1324 der
608 1267 770 1324 aleiiisehen
790 1268 914 1339 Strophe
933 1269 1066 1340 gebildet,
1085 1270 1226 1325 Ennudins
1244 1270 1364 1326 braueht
1382 1289 1412 1326 es
1432 1271 1546 1340 eberiso,

246 1357 296 1412 das
314 1358 382 1413 Lied
401 1359 505 1430 gehdrt
524 1358 595 1411 auch
614 1357 642 1411 in
660 1357 739 1411 seina
757 1356 833 1425 Zeit,
853 1357 870 1410 6
887 1356 985 1410 Jahrln.

332 1498 364 1550 V.
385 1500 407 1550 1.
436 1495 500 1550 ὁέκ
518 1494 662 1570 προφήτου
681 1494 824 1571 προφήτης
843 1493 993 1569 γενόμενος.
1030 1497 1101 1568 Aug.
1118 1498 1161 1551 29.

333 1584 364 1638 V.
383 1587 410 1638 2.
436 1583 561 1639 nobilior
580 1599 617 1638 sca
637 1583 794 1654 propheta,
814 1583 901 1638 daher
919 1580 1066 1658 προφητῶν
1084 1581 1309 1659 σεβασμτῶτερος.
1333 1584 1396 1640 Jan.
1414 1586 1438 1639 6.

333 1672 368 1725 V.
386 1673 411 1726 8.
441 1672 595 1726 claustrum
614 1671 743 1741 pudoris,
762 1672 801 1726 ist
819 1671 1047 1726 ambrosianiselr.
1075 1671 1103 1726 S.
1124 1672 1176 1726 No.
1194 1674 1238 1739 30,
1258 1675 1299 1726 14.

332 1758 366 1812 V.
387 1761 428 1811 12.
455 1756 545 1830 δεσμὰ
564 1755 715 1832 διαρρήξας
734 1755 858 1831 γλώσσης
876 1756 988 1832 πατρός.
1015 1761 1086 1828 Aug.
1104 1759 1147 1812 29.

332 1844 366 1898 V.
387 1846 427 1898 16.
457 1844 540 1899 Diesa
558 1844 729 1899 moraliselne
746 1845 907 1916 Baniehnng
932 1845 982 1899 hat
999 1845 1061 1898 eine
1080 1843 1298 1915 geschichtliehe
1317 1844 1498 1900 Gleiuhstelle
1517 1845 1545 1900 in

246 1935 298 1988 den
317 1933 450 2000 nlenten,
481 1949 529 1988 we
547 1932 692 1988 lohannes
711 1931 740 1985 in
758 1932 854 2002 Benug
873 1929 925 1986 anf
940 1931 984 1986 die
1002 1932 1169 1988 Stummheit
1191 1933 1283 1987 seines
1301 1933 1403 1987 Vaters
1421 1933 1477 1987 und
1495 1929 1550 1986 aul*

246 2024 292 2078 die
310 2017 462 2091 nrfflrung
480 2020 532 2074 der
549 2019 802 2090 Prophaneinngen
819 2025 944 2090 genannt
960 2018 1034 2074 wird
1058 2023 1178 2094 σφραηίς
1196 2017 1303 2074 πάντων
1320 2021 1374 2074 τῶν
1391 2019 1545 2094 προφητῶν.

247 2111 326 2179 Sept.
345 2110 390 2162 23.
549 2141 555 2153 .

334 2194 367 2247 V.
386 2194 497 2246 16-20,
525 2190 710 2246 Ausfiihrlieh
729 2193 792 2264 gibt
809 2193 886 2247 diesa
905 2193 1066 2262 Beniehung
1084 2191 1256 2262 Augustinus
1275 2208 1319 2262 an,
1338 2209 1419 2249 serm.
1438 2195 1499 2262 293,
1518 2197 1545 2249 2.

245 2284 357 2337 videtur
374 2281 519 2336 iohannes
543 2279 709 2352 interjectus
733 2277 844 2348 qnidam
868 2278 947 2334 limes
972 2284 1204 2334 testamentorum
1228 2279 1359 2348 duorum,
1390 2280 1496 2334 veteris
1515 2286 1546 2334 et

244 2369 319 2424 novi.
354 2383 417 2423 nam
443 2382 505 2421 eum
524 2382 587 2420 esse
607 2365 726 2435 quodam
744 2365 827 2420 modo
846 2364 974 2434 limitem,
1004 2365 1131 2419 dominns
1149 2366 1210 2435 ipse
1227 2369 1348 2420 testatur
1366 2365 1472 2421 dicens:
1498 2367 1545 2422 lex

244 2462 273 2509 et
296 2455 445 2527 prophetae
470 2469 556 2523 usque
581 2453 618 2506 ad
635 2453 792 2507 iohannem
817 2453 968 2523 baptistam
993 2453 1072 2521 (Luc.
1092 2453 1209 2522 16,16).
1246 2453 1373 2508 Sustinet
1391 2469 1462 2526 ergo
1480 2470 1546 2524 per-

244 2558 342 2596 sonam
365 2540 515 2596 uetustatis
540 2545 568 2594 et
592 2540 763 2610 praeconium
788 2538 931 2594 novitatis.
964 2546 1083 2610 propter
1106 2555 1255 2610 personam
1278 2541 1430 2595 vetustatis
1448 2541 1482 2595 de
1501 2557 1546 2596 se·

242 2629 325 2684 nibus
343 2629 477 2696 nascitur,
496 2633 615 2698 propter
632 2643 784 2697 personam
802 2625 937 2681 novitatis
955 2626 984 2680 in
1002 2626 1158 2681 visceribus
1176 2627 1274 2681 matris
1292 2628 1432 2697 propheta
1451 2628 1546 2684 deela-

242 2722 330 2771 ratur.
358 2717 503 2771 Tertulliani
513 2715 576 2768 adv.
585 2715 671 2768 Mare.
680 2715 707 2781 t,
716 2715 751 2767 33
760 2718 839 2783 sagt:
859 2729 911 2768 nos
924 2713 1039 2768 limitem
1053 2715 1187 2784 quendam
1201 2715 1546 2786 agnoscimustohannam

243 2804 425 2859 constitutum
448 2803 522 2858 inter
545 2806 645 2855 vetera
669 2807 697 2854 et
717 2817 805 2868 nova,
833 2800 869 2853 ad
886 2816 967 2869 quem
986 2801 1125 2855 desineret
1138 2801 1295 2872 judaismus
1319 2808 1348 2856 et
1365 2819 1383 2856 a
1401 2818 1456 2872 qua
1474 2803 1545 2857 inei-

243 2895 326 2961 peret
339 2889 569 2943 christianismus.
597 2887 663 2958 Vgl
675 2887 727 2942 Νο.
740 2888 852 2954 65014.
888 2883 1008 2957 Ἰωάννης
1026 2887 1042 2942 ὁ
1054 2885 1135 2953 πάνυ,
1154 2886 1170 2942 ὁ
1188 2887 1242 2962 πρὸ
1260 2889 1310 2944 τοῦ
1328 2889 1418 2959 φωτὸς
1436 2888 1544 2959 λύχνος,

243 2973 260 3047 ή
278 2977 334 3053 πρὸ
351 2975 400 3032 τοῶ
419 2975 502 3046 λόγου
520 2974 610 3046 φωνή,
631 2970 646 3029 ὁ
665 2972 720 3047 πρὸ
739 2971 788 3029 τοῦ
805 2978 917 3044 μεσίτου
935 2979 1057 3045 μεσίτης,
1081 2979 1190 3046 μεσίτης
1207 2973 1326 3038 παλαιοῖς
1345 2975 1480 3048 διαθήκης
1498 2981 1545 3032 καὶ

243 3067 312 3127 νίας.
339 3064 446 3135 Grepor.
464 3063 529 3118 Νστ.
549 3078 590 3117 or.
608 3064 642 3115 21
662 3077 688 3130 p.
707 3063 767 3115 375.

331 3151 364 3205 V.
383 3154 425 3204 12.
451 3166 508 3205 vox
526 3149 622 3216 verbi,
654 3148 760 3202 ebensn
788 3154 873 3203 neunt
895 3149 943 3203 ilrn
968 3150 1073 3204 Casurus
1090 3151 1190 3205 Hieros.
1216 3155 1322 3220 trnpar.
1347 3150 1375 3204 in
1391 3151 1544 3221 theophan.

242 3243 276 3294 st
296 3241 338 3293 15.
368 3235 384 3308 ή
403 3237 478 3310 φωνὴ
497 3235 546 3292 τοῦ
565 3235 657 3310 idque,
676 3234 691 3291 6
710 3233 810 3304 λύχνος
822 3234 872 3291 τοῦ
885 3235 984 3306 φωτός,
1004 3234 1173 3312 ὁὲωσφόρος
1190 3234 1269 3293 daed
1283 3237 1360 3309 ήλίου
1373 3236 1543 3314 πρόδρομος.

243 3324 315 3394 Quid
331 3325 481 3392 miramur,
513 3323 538 3378 si
556 3323 673 3378 uerbum
691 3322 745 3376 sibi
764 3320 831 3377 feeit
849 3325 967 3378 vocem?
1003 3341 1059 3380 vex
1083 3324 1241 3394 lohannes,
1271 3325 1387 3381 verbum
1406 3326 1544 3384 curatus

243 3416 378 3484 Ανρττοίίπί
392 3427 474 3465 serm.
488 3410 549 3479 288,
567 3413 592 3463 2.

329 3501 361 3554 V.
381 3502 423 3556 18.
450 3502 547 3572 μείζων
572 3496 720 3574 προφητῶν
748 3497 899 3572 γενόμενος.
926 3500 998 3571 Aug.
1016 3501 1060 3553 20.
1096 3498 1151 3555 ὑπὸ
1176 3500 1248 3556 deor]
1274 3504 1372 3571 μείζων
1395 3501 1543 3578 προφητῶν

242 3591 438 3664 μαρτυρηθείς.
456 3588 493 3641 ib.
526 3585 668 3672 προφήτης
688 3584 834 3663 προφητῶν
852 3583 960 3641 πάντων
978 3582 1133 3661 ὑπέρτερος.
1164 3588 1236 3658 Aug.
1256 3590 1297 3643 30.

327 3729 378 3781 llie
399 3726 500 3781 beiden
527 3725 624 3794 Peste,
658 3741 742 3779 worn
767 3724 858 3778 dieses
881 3725 949 3781 Liad
974 3726 1113 3782 bestimmt
1137 3726 1187 3794 ist,
1219 3727 1281 3781 sind
1299 3728 1344 3782 die
1362 3728 1469 3784 Gebnrt
1487 3729 1543 3784 und

217 3814 439 3884 ’Enthauptung
458 3812 507 3866 des
525 3812 677 3867 lohannes.
714 3812 784 3866 ‚lene
802 3809 892 3866 feiern
911 3813 956 3868 die
974 3813 1106 3868 Lateiner
1124 3813 1179 3867 und
1197 3811 1334 3869 Grieclnen
1353 3832 1397 3869 am
1414 3816 1450 3868 26
1466 3815 1543 3883 duni,

241 3901 318 3956 diese
336 3917 381 3955 am
399 3902 434 3954 20
451 3901 569 3970 August.
604 3897 666 3953 Auf
684 3897 728 3952 die
755 3899 859 3953 andern
877 3901 959 3955 Festa
983 3900 1074 3956 dieses
1093 3901 1222 3971 Heiligen
1240 3900 1331 3970 haben
1349 3901 1394 3956 die
1411 3901 1543 3957 Lateiner
1639 3919 1640 3923 ¹

241 3989 323 4042 keiae
341 3986 455 4054 Lieder,
476 3986 534 4042 wel
553 3986 623 4040 aber
642 3987 686 4040 die
706 3986 850 4042 Grieelnen.

568 4303 572 4310 ’
604 4299 690 4372 648.
727 4300 784 4369 De
811 4297 978 4369 dohanne
1001 4295 1161 4393 baptista.

241 4501 328 4564 Inter
350 4509 443 4565 natos
465 4457 634 4566 mulierum
677 4515 681 4518 ·
890 4499 1008 4582 'eujus
1032 4506 1166 4561 matrem
1191 4499 1345 4564 salutavit

241 4601 293 4666 hin
315 4602 482 4668 lohannes
505 4623 564 4668 vas
587 4607 747 4670 sincerum
915 4603 1010 4684 virgo
1035 4609 1150 4681 mater,
1175 4620 1248 4683 qnae
1271 4603 1415 4685 portavit
1520 4606 1540 4667 5

282 4705 496 4789 principatum
519 4707 635 4788 tenuit,
962 4703 1141 4788 Christum,
1166 4725 1261 4788 quem
1283 4714 1316 4771 et
1337 4707 1455 4790 gennit.
