3338 5324
1375 371 1444 444 ott

137 559 252 627 Crucis
274 559 401 643 signum
423 560 501 624 theu
524 555 620 622 litera
820 556 894 622 dum
917 557 975 622 tibi
996 556 1123 631 librum.
1139 562 1290 645 apperuit

135 664 235 730 fronti
256 662 424 729 Francisci
447 662 606 742 scribitur,
818 677 879 743 pro
902 659 1029 727 virtutis
1051 663 1179 730 indicio.
1300 697 1303 707 =

134 787 196 849 per
218 767 312 831 varie
335 765 541 846 distinguitur

134 865 283 931 miranda
304 863 385 931 111013
408 883 519 950 opera,
818 849 931 917 Crucis
954 853 1083 921 haerens
1105 858 1253 942 vestigiis

816 953 922 1019 crucis
944 955 1082 1022 fructum
1105 960 1332 1042 consequitur,

134 1053 250 1122 Crucis
272 1057 408 1120 verbum
431 1055 625 1139 proponitur
719 1056 761 1120 25
816 1054 891 1120 dum
913 1055 994 1122 Jesu
1016 1077 1115 1124 cerne
1137 1062 1282 1144 pingitur
1398 1065 1443 1130 35

133 1159 287 1224 fratribus
310 1168 371 1242 p'er
392 1155 570 1224 Antonium
815 1166 849 1223 et
870 1160 1017 1242 signetur
1038 1161 1194 1245 insigniis.

135 1271 168 1327 et
190 1263 385 1329 Franciscus
408 1263 452 1328 ad
474 1263 590 1329 ostium
670 1262 698 1302 v'

134 1367 168 1430 in
188 1365 317 1431 modum
341 1366 446 1432 crucis
469 1368 619 1432 cernitur.
815 1349 929 1417 0111058
951 1352 1054 1420 virtus
1077 1361 1111 1419 et
1133 1358 1241 1438 gratia

813 1475 874 1521 nos
896 1457 1121 1541 consignetiu
1144 1460 1304 1526 frontibus

135 1550 247 1618 Crucis
270 1563 399 1620 sacrata
422 1556 519 1620 lectio
812 1563 845 1625 in
868 1564 1019 1628 membris
1044 1565 1131 1628 etin
1155 1567 1303 1632 sensibus

134 1662 185 1719 ter
206 1655 383 1724 Francisco
406 1677 442 1724 se
465 1659 622 1742 praebuit,
716 1660 757 1722 30
812 1680 874 1747 pro
895 1665 1031 1749 perenni
1054 1665 1209 1732 custodie.
1240 1685 1343 1732 emen.
1395 1667 1438 1732 40

202 1841 249 1897 ils.
266 1858 301 1897 nu
319 1791 457 1922 llliinchen
476 1843 545 1901 clm.
565 1846 659 1902 19821.
680 1847 730 1902 des
751 1852 783 1904 15
802 1849 900 1904 Jahrh.
919 1865 976 1905 von
995 1851 1165 1923 Tepernsee.
1192 1853 1226 1906 31
1246 1851 1345 1908 besser
1362 1851 1441 1908 huic.

406 2148 493 2220 928.
523 2144 628 2220 Alius
655 2147 804 2248 hymnus
831 2149 876 2222 de
904 2178 931 2222 s.
958 2151 1163 2225 Francisco.
1263 2237 1267 2243 ,

130 2365 326 2434 Franciscus
349 2365 470 2433 Christi
492 2370 599 2452 gratia
811 2391 906 2437 unam
928 2392 1048 2454 gerens
1071 2371 1260 2454 tuniculam,

129 2471 312 2554 inspiratus·
328 2471 512 2536 medullitus
810 2477 886 2542 fune
909 2478 1103 2561 praecinctus
1126 2479 1267 2544 renibus.

130 2591 309 2640 conversus
336 2583 441 2639 estet
464 2576 571 2640 omnia

129 2675 255 2758 sprevit
277 2683 407 2742 terrene
428 2675 581 2742 funditus
809 2665 930 2731 Forma
951 2666 1056 2732 factus
1079 2665 1243 2731 humilium

810 2768 998 2833 sublimetur
1020 2769 1053 2831 in
1076 2767 1200 2850 gloria,

128 2864 241 2931 Nudus
265 2886 373 2933 coram
395 2868 549 2952 pontifice
737 2871 775 2931 5⁴¹
810 2878 1012 2956 contemptor
1038 2871 1263 2954 temporalium
1397 2871 1438 2934 15

130 2970 268 3039 cilicium
291 2972 374 3036 clem
396 2973 524 3052 habuit,
808 2980 926 3058 regnat
948 2973 1041 3040 dives
1063 2974 1095 3036 in
1114 2974 1230 3058 patria.

128 3092 252 3138 memor
274 3077 386 3140 mortis
410 3075 578 3142 dominice

128 3176 245 3242 nudari
266 3197 331 3243 non
355 3180 490 3246 erubuit.
807 3169 968 3234 verorum
990 3175 1085 3252 pater
1107 3187 1300 3253 pauperum,

807 3291 868 3338 nos
889 3278 1044 3357 perpetes
1066 3273 1120 3338 fec
1140 3271 1268 3356 spiritu,

128 3365 291 3432 Minorunr
312 3367 452 3433 fundens
476 3368 619 3436 ordinem
809 3381 977 3440 consortes
999 3371 1102 3439 redde
1125 3391 1277 3457 superum

128 3467 223 3534 nudis
247 3469 365 3537 incedit
386 3471 540 3556 pedibus,
714 3475 754 3540 10
807 3485 940 3561 ereptos
963 3479 1004 3544 ab
1027 3475 1165 3542 interitu.
1199 3495 1301 3540 amen.
1391 3475 1433 3540 20

216 3659 346 3715 Dieselbe
366 3659 413 3716 Hs.
451 3664 485 3714 11
503 3677 653 3734 merorum,
674 3662 721 3720 Hs.
752 3653 754 3656 ’

542 4005 544 4008 ·
574 3967 660 4042 929.
695 3965 800 4039 Alius
826 3962 987 4064 hymnus.

128 4163 323 4232 Franciscus
346 4177 433 4234 amet
450 4172 543 4238 unice
807 4168 1016 4237 Franciscum
1038 4169 1118 4234 mire
1141 4168 1238 4234 satiat

128 4266 255 4350 desum,
279 4270 332 4352 qui
355 4271 568 4356 crucifigitur,
807 4272 858 4335 vis
881 4271 999 4336 amoris
1020 4269 1190 4354 ¹praecipui.

126 4377 236 4435 mente
259 4371 377 4439 devota
400 4377 545 4462 simplice

126 4473 283 4541 crucifixo
306 4474 487 4564 configitur,
594 4539 598 4546 ¹
806 4455 1001 4526 Franciscus
1023 4457 1106 4524 Jesu
1126 4457 1225 4522 nimio
1346 4498 1349 4503 -

807 4580 916 4628 amore
940 4561 1015 4625 dum
1038 4560 1193 4642 aflicitur,
1334 4604 1343 4626 ,J
1392 4545 1437 4622 10'

123 4665 336 4735 Franciscum
359 4688 451 4738 arnor
471 4674 578 4741 ebriet
733 4678 753 4741 5
807 4661 844 4727 fit
866 4663 939 4746 ejus
961 4661 1202 4727 irassSfOrfflaliO

124 4769 208 4836 Jesu
230 4790 293 4857 pro
315 4773 410 4840 nobis
431 4778 566 4860 mortui,
807 4767 840 4832 in
856 4766 984 4849 lesum,
1007 4765 1062 4848 qui
1085 4761 1238 4846 diligitur.

183 4899 270 4955 Mons,
287 4904 372 4954 latelu.
389 4907 514 4964 llymnen.
543 4907 592 4954 111.
1191 4866 1235 4932 ²⁰
